3342 5200
466 635 515 684 Vll
550 634 598 686 DE
616 635 756 688 lulum
774 635 861 686 mun
867 635 976 689 Yulco
1199 639 1248 692 159

200 801 363 870 Catullum
388 801 515 866 Romae
537 801 636 866 fuisse
657 800 736 867 nihil
758 812 807 868 est
829 802 918 890 qnod
938 803 1091 869 adcurate
1113 824 1249 892 conpro-

199 921 254 985 het
287 945 294 984 :
328 928 441 984 contra
477 919 570 984 annis
601 919 719 996 699l55
749 929 782 985 et
811 919 928 997 700154
959 929 1087 1006 poetam
1123 921 1249 986 Romae

199 1038 322 1102 uixisse
353 1058 394 1100 ex
426 1035 622 1101 carminibus
652 1054 729 1101 extu
753 1055 798 1102 ΙΝ
819 1060 851 1101 xa
878 1060 990 1101 xxvrm
1019 1057 1072 1102 Lm
1101 1049 1247 1125 apertum

200 1164 255 1218 est
298 1151 464 1217 biennium
496 1153 597 1238 igitur
625 1175 652 1217 a.
674 1152 790 1230 697257
812 1161 847 1218 et
867 1153 985 1231 698l56
1013 1153 1161 1221 relictum
1189 1165 1247 1236 est,

199 1271 230 1334 in
253 1271 341 1357 quod
363 1269 425 1335 iter
439 1268 556 1335 Oatulli
572 1269 720 1334 incidisse
734 1270 810 1335 satis
826 1280 975 1357 prompta
990 1282 1040 1335 est
1053 1271 1246 1336 coniectura.

200 1388 276 1452 haee
298 1409 383 1472 quae
405 1386 445 1451 ad
467 1385 651 1452 uniuersam
673 1387 758 1452 uitae
781 1385 902 1452 Catulli
923 1385 1146 1453 condicionem
1160 1410 1248 1476 speo-

200 1513 305 1570 tantes
333 1503 583 1590 explicauimus‚
615 1497 748 1590 egregie
779 1501 969 1570 confirmate
989 1505 1187 1589 uidebimus,
1220 1507 1248 1571 si

201 1619 343 1708 singulas
383 1619 467 1685 illius
501 1621 625 1686 itineris
655 1643 707 1686 res
738 1622 1050 1708 perlustrauerimus.
1100 1622 1248 1690 Catullus

202 1740 286 1803 enim
309 1759 345 1802 se
367 1738 400 1801 in
423 1739 554 1803 cohorte
575 1736 720 1802 Memmii
742 1738 925 1821 cuiusdam,
957 1741 1175 1828 propraetoris
1196 1740 1249 1806 Bi·

201 1855 333 1942 thyniae
355 1853 551 1943 prouinciae,
572 1854 671 1921 fuisse
693 1855 958 1922 commemorauit
978 1856 1034 1938 (cf.
1054 1880 1155 1922 xxvru
1175 1857 1203 1922 l.
1225 1859 1247 1922 9

202 1996 223 2037 x
247 1971 276 2036 7.
311 1973 359 2037 10.
393 1972 456 2053 13).
508 1974 571 2036 iam
603 1972 630 2038 si
658 1971 830 2039 Memmios
863 1973 977 2039 aetatis
1005 1971 1125 2042 catulli
1153 1984 1186 2040 et
1214 1975 1248 2040 in

201 2089 312 2176 primis
334 2087 505 2154 Memmios
529 2099 694 2176 praetores
719 2091 1003 2178 circumspicimus,
1029 2090 1117 2155 solus
1142 2089 1248 2157 Gaius

202 2206 374 2272 Memmius
402 2204 440 2270 L.
462 2205 499 2270 F.
520 2203 688 2272 Gemellus
717 2208 808 2274 nobis
838 2207 993 2285 offertur,
1021 2208 1062 2273 de
1089 2230 1154 2296 quo
1183 2208 1248 2274 iam

200 2324 366 2390 Antonius
395 2322 589 2389 Parthenius
620 2324 676 2407 (ed
703 2346 802 2390 xxvm
836 2324 872 2408 7)
908 2325 1071 2391 Antonius
1101 2324 1249 2392 Muretus

201 2441 346 2508 Achilles
397 2437 522 2508 Statius
566 2441 801 2526 cogitauerunt.
867 2442 960 2507 ouius
1001 2452 1034 2509 et
1086 2453 1178 2508 aetas
1217 2452 1249 2508 et

201 2581 307 2625 annus
329 2560 510 2647 praetorius
532 2569 598 2627 tam
619 2557 751 2647 egregie
772 2580 846 2624 cum
875 2559 922 2625 eis
955 2557 1142 2648 conspirant
1165 2581 1248 2646 quae

200 2677 296 2744 modo
326 2676 562 2765 disputauimus
594 2684 631 2741 ut
660 2677 729 2741 sine
757 2674 823 2741 ulla
856 2675 1057 2742 dubitatione
1078 2674 1249 2741 Memmius

201 2794 322 2863 Catulli
344 2803 378 2860 et
401 2793 572 2859 Memmius
596 2792 650 2858 ille
672 2814 770 2881 quem
792 2792 934 2859 diximus
954 2815 1013 2881 pro
1035 2815 1101 2859 nno
1123 2794 1249 2861 eodem·

203 2934 264 3000 que
286 2911 419 2977 homine
439 2910 606 2977 habendus
627 2910 681 2993 sit,
714 2912 905 2999 praesertim
932 2933 1004 2976 cnm
1026 2910 1122 2976 etiam
1141 2934 1249 2977 mores

202 3028 371 3118 utriusque
416 3028 477 3093 uiri
520 3028 642 3116 optime
676 3039 866 3116 congruant.
924 3025 1029 3093 Gaius
1069 3030 1156 3094 enim
1196 3028 1249 3095 ille

203 3145 376 3212 Memmius
404 3168 488 3212 anno
509 3145 627 3222 696158
649 3156 780 3233 praetor
809 3145 872 3210 suit
893 3169 901 3209 ε
924 3138 997 3211 eum
1024 3167 1097 3211 eum
1124 3146 1162 3212 L
1185 3146 1250 3211 Do·

203 3265 291 3330 mitio
322 3263 546 3330 Ahenobarbo
574 3272 606 3328 et
627 3262 665 3328 P.
688 3262 824 3351 Nigidio
846 3261 964 3348 Figulo
986 3271 1020 3328 et
1040 3262 1078 3328 L.
1100 3259 1250 3329 Cornelio

204 3382 340 3448 Lentulo
363 3380 467 3447 Crure
490 3382 546 3465 (cf.
570 3378 684 3447 Cicero
706 3379 739 3445 in
761 3378 911 3446 Pisonem
932 3379 970 3444 31
996 3379 1050 3461 77)
1073 3378 1188 3446 (licere
1209 3381 1262 3445 ad

205 3498 241 3578 Q.
263 3500 399 3564 fratrem
421 3521 430 3561 ι
451 3497 472 3561 2
495 3498 534 3562 16
555 3499 614 3563 sub
635 3497 732 3562 finem
760 3496 836 3562 anni
857 3496 976 3573 695159
1004 3505 1169 3585 praetores
1197 3496 1250 3569 dez

205 3616 348 3703 signatos
383 3615 655 3680 commemorauit.
705 3613 795 3678 initio
828 3613 904 3679 enni
931 3614 1048 3693 696l58
1077 3613 1250 3680 Memmius

205 3746 333 3821 praetor
364 3755 437 3797 cum
457 3732 602 3798 Domitio
625 3731 761 3817 conlega
782 3729 930 3797 Caesaris
953 3731 1042 3819 leges
1064 3730 1249 3797 consulares

205 3850 377 3935 adgressus
398 3860 446 3916 est
468 3850 523 3934 (cs.
540 3847 687 3915 Siretonii
703 3848 763 3913 Iul.
778 3848 819 3912 23
841 3857 874 3913 et
894 3847 1065 3913 scholiasta
1079 3847 1250 3913 Bobiensis

204 3964 234 4031 in
262 3965 445 4033 Sestiauam
475 3989 507 4054 p.
530 3966 600 4043 297,
624 3966 666 4029 22
687 3976 720 4030 et
747 3966 780 4031 in
809 3964 1016 4031 Vatiniorum
1037 3988 1068 4052 p.
1090 3965 1161 4048 317,
1183 3965 1249 4048 25).

207 4082 316 4149 deinde
338 4105 423 4149 anno
446 4082 559 4149 eodem
586 4104 650 4171 quo
677 4092 807 4170 praetor
834 4094 904 4148 erat
926 4082 1096 4148 Memmius
1119 4081 1249 4148 Vatinio

208 4196 287 4265 diem
319 4201 404 4267 dixit
424 4202 480 4288 (of.
502 4201 615 4269 Cicero
644 4200 676 4266 in
704 4198 871 4267 Vatinium
893 4202 933 4265 14
953 4201 995 4268 33
1017 4222 1091 4267 cum
1121 4200 1249 4265 scholiis
