3342 5200
396 613 446 662 2²4
596 607 672 659 VlllI
706 609 753 660 Du
771 607 930 660 clusano
948 608 995 659 ΕΤ
1011 607 1242 660 causamme
1362 620 1365 624 ’

393 777 558 841 uerus'crdr'r
579 774 624 840 de
651 774 859 839 Mamurra
882 787 1030 860 perpetua
1053 775 1197 860 ιιῐφιιιιω
1217 775 1359 860 inposita
1379 795 1440 839 nou

394 891 661 976 dusimuuoerar)
684 899 716 956 et
737 890 954 979 adpellatione
974 893 1065 957 unice
1078 893 1241 978 timeretur,
1263 913 1329 979 qua
1344 891 1442 955 etiam
1466 914 1480 974 .'

392 1031 501 1074 xxvrru
524 1010 560 1074 ll
584 1017 682 1097 poeta
703 1031 768 1074 non
789 1008 857 1073 sine
883 1009 1000 1074 acerba
1023 1008 1227 1074 cauillatione
1254 1030 1333 1073 usus
1361 1017 1441 1090 erat,

393 1125 526 1192 adfatim
545 1126 711 1214 probatur.
753 1125 900 1190 uidemus
922 1125 1024 1211 igitur
1042 1123 1206 1192 Catullum
1227 1147 1357 1190 carmen
1378 1124 1442 1216 boc

392 1254 465 1330 post
486 1241 791 1330 undetrigesimum,
820 1250 856 1308 ut
877 1242 1021 1325 uidetur,
1048 1264 1134 1307 anno
1156 1242 1274 1319 699s55
1294 1251 1440 1307 extremo

391 1359 565 1447 scripsisse.
606 1360 716 1446 qualia
745 1369 853 1424 autem
876 1370 949 1426 sunt
969 1359 1026 1426 illa
1047 1359 1164 1447 quibus
1184 1361 1265 1426 iram
1288 1357 1441 1426 Caesaris

390 1497 568 1564 prouocare
610 1485 745 1542 conatur
779 1475 903 1564 poeta?
953 1475 1099 1566 Othonis
1139 1476 1239 1564 igitur
1275 1483 1373 1561 caput
1409 1484 1441 1539 et

391 1592 484 1658 Herii
511 1615 605 1658 crura
633 1604 666 1658 et
685 1591 821 1660 Libonis
848 1592 992 1682 peditum
1013 1592 1155 1659 inridens
1187 1603 1282 1680 poeta
1304 1590 1439 1657 Caesari

390 1718 423 1776 et
450 1708 575 1776 Fuficio
608 1708 735 1775 cuidam
767 1709 885 1775 obiecit
917 1710 1004 1796 quod
1036 1733 1108 1776 cum
1139 1720 1206 1776 tam
1242 1709 1439 1774 deformibus

389 1825 589 1893 homunculis
616 1826 868 1893 familiaritatem
893 1826 1013 1893 habere
1034 1827 1164 1893 uellent.
1208 1825 1296 1894 Otho
1318 1835 1437 1909 autem,

389 1945 512 2011 utiam
530 1944 669 2031 Vulpius
699 1942 877 2027 intellexit,
908 1953 940 2009 et
968 1945 1053 2010 Libo
1082 1967 1147 2010 uno
1176 1967 1249 2010 cum
1279 1965 1437 2030 ecquem

388 2061 525 2128 Herium
539 2060 775 2127 nominauimus
797 2062 923 2128 cinaedi
942 2061 1082 2143 fuerunt,
1105 2062 1297 2149 quibuscum
1315 2059 1437 2127 Caesar

389 2189 422 2244 et
451 2177 595 2244 Fuficius
628 2200 837 2244 consuescere
868 2178 1015 2244 solebant
1041 2200 1050 2242 t
1079 2177 1112 2243 id
1143 2178 1232 2264 quod
1261 2201 1280 2243 e
1310 2179 1434 2244 caussis

291 2339 296 2348 -
387 2296 595 2382 conpluribus
616 2294 736 2381 conligi
756 2304 872 2383 potest
915 2297 1152 2381 primumcum
1180 2320 1200 2362 a
1221 2295 1350 2364 Catullo
1377 2295 1435 2360 uni

388 2411 504 2498 cuique
523 2413 622 2477 trium
636 2411 763 2477 illorum
784 2412 950 2477 hominum
963 2414 1091 2478 macula
1112 2413 1273 2500 quaedam
1294 2435 1434 2500 corpo

387 2529 442 2594 ris
462 2529 665 2612 attribuatur,
687 2529 728 2595 ad
750 2531 939 2618 corporis
959 2531 1159 2619 uoluptatem
1175 2531 1336 2620 quandam
1359 2550 1433 2593 con-

386 2647 587 2713 suetudinem
610 2646 697 2711 illam
718 2648 914 2736 spectauisse
929 2649 1000 2714 ueri
1014 2648 1207 2715 simillimum
1224 2658 1282 2715 est.
1315 2646 1433 2712 deinde

385 2762 529 2829 Fuficius
549 2784 608 2851 per
628 2764 765 2829 ironiam
784 2760 895 2831 ‘sonex
913 2760 1069 2833 recoctus'
1088 2767 1278 2854 adpellatur‚
1299 2766 1361 2829 hoc
1382 2773 1432 2829 est

384 2903 494 2964 senex,
516 2891 552 2947 ut
571 2881 617 2947 ita
636 2880 749 2966 dicam,
771 2884 1027 2968 reiuuenescens‚
1049 2886 1106 2970 qui
1128 2894 1240 2950 contra
1256 2882 1431 2949 senectutis

384 2998 562 3064 decentiam
589 3020 714 3065 amores
744 3000 903 3067 iuueniles
931 3010 1103 3067 sectatur:
1125 3000 1167 3066 cf.
1190 3000 1231 3066 de
1254 3000 1315 3064 hac
1342 3021 1430 3065 reco-

383 3115 501 3201 quendi
521 3138 581 3181 usu
602 3124 731 3204 praeter
752 3116 944 3185 Ciceronem
965 3119 1005 3185 de
1025 3129 1143 3185 seneot
1164 3118 1205 3183 23
1226 3119 1267 3183 83
1290 3118 1336 3202 (u.
1355 3115 1430 3183 Vic-

381 3231 456 3297 torii
474 3233 590 3299 uerior.
612 3234 700 3300 lectt.
721 3256 744 3298 v
764 3236 799 3319 6)
827 3236 997 3303 Valerium
1017 3236 1171 3302 Flaccum
1191 3258 1224 3300 vr
1244 3236 1307 3300 444
1329 3233 1430 3313 Quin-

381 3349 528 3414 tilianum
547 3372 588 3414 vn
610 3351 631 3415 6
653 3351 671 3413 t
692 3351 866 3418 Horatium
881 3360 979 3418 satur.
994 3362 1013 3417 ιι
1034 3353 1055 3417 5
1076 3353 1118 3417 55
1139 3354 1251 3441 (quem
1265 3352 1306 3418 ad
1320 3352 1428 3417 locum

380 3464 456 3531 uide
477 3488 561 3555 quae
582 3466 758 3533 Teuffelius
780 3490 813 3555 p.
836 3469 897 3533 136
917 3468 1101 3554 adnotauit)
1126 3468 1161 3534 in
1183 3469 1294 3556 primis
1314 3468 1429 3534 Petro·

379 3583 467 3649 nium
489 3583 574 3671 apud
596 3584 784 3651 Diomedem
808 3586 853 3669 (ιιι
873 3608 906 3673 p.
924 3586 1001 3670 517)

677 3776 756 3817 unus
775 3765 894 3819 recocto
914 3755 990 3819 uiuo

676 3870 873 3935 cernentibus
894 3871 1022 3936 labellis.

377 4070 473 4137 quam
495 4051 658 4117 mulierem
682 4075 790 4118 senem
813 4054 906 4119 sicuti
927 4055 1053 4137 uinum,
1081 4056 1128 4121 ita
1153 4078 1244 4120 amor
1263 4056 1427 4122 Fuficium

326 4230 327 4233 ,
376 4169 512 4234 recoxit.
554 4169 694 4257 denique
714 4172 748 4237 id
771 4194 901 4260 quoque
922 4172 1066 4244 alicuius
1074 4173 1230 4239 momenti
1250 4174 1367 4241 hucin
1388 4196 1426 4239 re
