3342 5200
423 635 473 683 m
622 631 674 682 ΧΠ
707 631 754 682 DE
772 629 881 684 omns
898 631 1100 684 HOBTENSIO
1116 631 1271 684 Tmolo

423 795 478 886 qdi
500 796 762 863 Rossbachianae
792 795 941 862 editionis
968 795 1057 884 prins
1079 797 1212 882 ignarus
1233 817 1275 860 ne
1295 795 1329 861 in
1351 795 1472 862 adden-

422 913 471 980 dis
492 912 623 1002 quidem
645 913 718 980 libri
741 913 791 977 sui
811 933 843 1000 p.
862 913 941 996 579,
970 913 1025 978 ubi
1047 911 1239 978 Rossbachii
1259 910 1300 976 de
1320 915 1472 979 uersibus

425 1031 546 1096 19-24
567 1053 587 1095 a
608 1029 749 1094 carmine
769 1047 840 1092 nxv
860 1027 1047 1114 separandis
1067 1029 1252 1115 opinionem
1265 1026 1471 1116 inpugnauit,

422 1146 516 1210 huius
546 1157 579 1211 et
607 1167 699 1210 suurn
730 1145 769 1210 de
797 1145 943 1210 sensibus
965 1145 1084 1209 9-14
1105 1143 1258 1209 eiciendis
1278 1165 1472 1210 consensum

422 1282 672 1328 commemorare
694 1259 806 1326 uoluit.
848 1260 906 1326 sed
919 1259 1089 1348 Gruppius
1102 1260 1187 1325 idern
1203 1282 1241 1326 eo
1258 1262 1473 1327 uehementer

423 1379 544 1445 enauit
565 1376 653 1466 quod
667 1398 780 1441 uersus
801 1377 873 1441 ilios
887 1377 992 1441 9-14
1006 1375 1169 1442 eiciendos
1183 1377 1226 1442 ab
1238 1376 1472 1464 interpolatore

328 1551 331 1557 .
422 1493 574 1584 quodam,
595 1493 706 1583 quales
729 1491 851 1558 scilicet
870 1491 924 1557 iile
944 1492 1065 1580 ubique
1080 1492 1242 1576 odoretur,
1263 1514 1306 1558 ex
1326 1495 1472 1558 carmine

423 1629 455 1676 cr
477 1609 570 1676 fictos
591 1631 662 1676 esse
683 1607 879 1674 contendit:
901 1607 991 1672 cuius
1020 1608 1198 1675 sententiae
1222 1610 1471 1696 peruersitatem
1533 1694 1537 1700 .

422 1725 562 1792 Hessius
583 1723 824 1791 demonstrauit.
867 1726 968 1790 multo
989 1724 1178 1812 prudentius
1192 1735 1267 1792 ante
1284 1724 1471 1813 Gruppinm

421 1841 641 1910 Rossbachius
669 1841 709 1907 de
731 1861 884 1907 uersuum
905 1841 1019 1906 horum
1038 1840 1164 1928 origine
1185 1863 1262 1907 uere
1284 1818 1472 1909 Catulliana

422 1980 487 2024 nou
509 1958 723 2025 dubitauerat.
767 1981 841 2022 oum
855 1956 955 2045 igitur
969 1979 1080 2023 uersus
1094 1957 1164 2023 illos
1178 1957 1310 2023 carmini
1325 1979 1395 2024 nxv
1417 1961 1471 2026 de·
1550 2033 1563 2054 ,

421 2075 553 2141 mendos
582 2095 652 2141 esse
681 2073 879 2140 intellectum
911 2084 997 2140 esset
1028 2054 1194 2162 nihiloque
1225 2085 1335 2140 tamen
1363 2076 1471 2141 minus

421 2189 619 2259 Catuliianos
641 2211 729 2272 esse,
751 2189 976 2278 inquirendum
997 2199 1068 2255 erat
1089 2211 1166 2254 num
1187 2189 1272 2254 forte
1293 2191 1380 2256 aliud
1403 2215 1472 2257 car·

421 2329 495 2372 men
522 2307 574 2371 cui
603 2315 709 2371 essent
737 2304 900 2370 inserendi
926 2305 1060 2392 reperiri
1087 2315 1205 2392 posset.
1247 2307 1334 2373 hunc
1361 2308 1471 2374 iocum

421 2422 581 2490 indicasse
601 2421 715 2488 Haasii
739 2421 890 2487 meritum
916 2433 981 2500 est,
1011 2422 1067 2510 qui
1087 2444 1200 2488 uersus
1221 2444 1279 2488 sex
1300 2423 1374 2488 ilios
1395 2436 1472 2512 post

422 2539 573 2606 carminis
604 2557 634 2606 cr
665 2561 794 2605 uersum
824 2548 952 2605 sextum
981 2537 1145 2605 addendos
1171 2560 1243 2605 esse
1263 2539 1352 2607 uidit.
1388 2541 1472 2607 hanc

421 2662 502 2723 eaeor
522 2660 627 2740 bmm,
648 2666 685 2722 ut
705 2656 784 2744 ipsis
804 2652 919 2721 Hassii
941 2655 1050 2721 uerbis
1071 2665 1153 2737 utar,
1180 2655 1307 2742 defecta
1327 2658 1472 2723 hrbororc

421 2796 544 2860 nemque
575 2774 624 2839 ss'c
656 2775 817 2857 aptissime
852 2773 979 2857 eaeplere'
1001 2772 1107 2858 facilc
1136 2771 1347 2839 demonstrari
1372 2797 1472 2858 posse

419 2892 562 2955 arbitror.
604 2888 809 2975 manifestum
823 2901 926 2953 aetem
946 2892 1091 2954 dedanim
1105 2888 1249 2975 dcj'ectas
1269 2902 1315 2955 est
1333 2892 1368 2955 ais
1387 2897 1472 2955 uoci-

420 3010 476 3071 bus
502 3001 589 3071 ‘more
616 3016 712 3071 tamen
741 3000 883 3083 interea','
902 3008 1012 3091 quadus
1037 3028 1162 3071 neccsse
1182 3018 1224 3071 ert
1242 3006 1367 3093 cle‘que'd
1385 3031 1471 3073 auae

412 3121 528 3208 facere
546 3134 665 3208 poetam
679 3122 888 3208 intolleqomus
909 3124 991 3207 quod
1007 3116 1065 3187 a'oa
1085 3123 1154 3187 uolt
1174 3144 1291 3209 senrpcr
1298 3126 1389 3207 fim‘,
1412 3126 1472 3190 sed

419 3228 565 3316 ‘r‘utcrea’⁹
595 3240 664 3303 eie.
686 3238 780 3303 donec
806 3239 897 3303 uliud
922 3239 1001 3324 quid
1014 3238 1079 3324 fiat
1107 3241 1157 3303 uel
1169 3242 1253 3323 ficri
1275 3242 1379 3325 pecori
1399 3264 1410 3305 .·
1431 3241 1472 3305 s'd

420 3366 520 3421 audem
547 3353 703 3419 diensem
730 3376 798 3418 esse
817 3376 941 3419 necesse
961 3368 1014 3419 est.
1056 3377 1238 3441 quaeramus
1267 3358 1363 3444 ἐρίων
1390 3380 1472 3443 quae

419 3474 492 3536 silae
513 3494 564 3536 res
585 3472 731 3535 diuersae
751 3472 822 3553 sent,
844 3492 971 3556 quum
991 3472 1120 3535 oderam
1140 3472 1306 3558 aliquando
1317 3472 1473 3558 factiuns

420 3589 469 3670 sit,
490 3588 630 3663 alteram,
653 3587 747 3652 donec
761 3586 799 3651 id
806 3588 884 3669 fieri
892 3588 999 3671 poesia
1006 3587 1115 3673 fuerat
1130 3590 1247 3654 interea
1265 3616 1277 3654 .·
1296 3591 1472 3675 repersinus

418 3715 515 3767 autem
547 3708 577 3768 ia
608 3702 729 3767 duabus
749 3705 899 3769 carmsiza's
923 3707 1082 3789 paredus,
1114 3728 1193 3791 qaue
1225 3707 1347 3771 uocibus
1376 3702 1488 3773 ‘nunc

418 3829 516 3884 temen
535 3814 659 3884 interea’
679 3834 870 3904 separando,
897 3844 958 3885 non
976 3824 1053 3885 duos
1079 3844 1132 3885 res
1160 3825 1395 3889 commemorari
1412 3826 1474 3890 scd

418 3956 531 4014 unam,
551 3934 686 4021 inferias
714 3960 794 4022 quae
814 3938 985 4001 maneribus
1005 3961 1086 4001 more
1103 3944 1204 4023 patrio
1225 3942 1340 4003 tradicio
1363 3953 1392 4004 ct
1412 3944 1471 4005 ad·

419 4049 566 4115 lomene
585 4056 718 4115 monum
740 4064 888 4117 constant.
930 4076 1019 4117 nomo
1039 4055 1099 4117 orie
1118 4059 1173 4140 qui
1190 4056 1286 4120 ulrum
1305 4070 1471 4141 praeterea

419 4188 483 4231 rem
501 4188 522 4228 a
537 4164 656 4231 &aaa
678 4170 920 4253 commemorari,
941 4192 1026 4235 nemo
1046 4173 1106 4257 qai
1122 4165 1256 4237 ‘interea'
1274 4194 1381 4239 uocem
1402 4198 1473 4241 um·
1509 4196 1515 4203 ·
