3342 5200
414 656 494 708 vnn
523 658 571 707 oa
590 658 748 716 caesana
765 658 812 708 nr
829 657 1061 709 caneremus
1214 659 1262 710 rae
1296 620 1302 631 ’

216 846 280 912 quo
309 824 414 890 scriba
445 824 485 888 ad
513 844 569 888 eos
600 824 794 889 omittendos
823 823 934 911 inpelli
954 824 1105 911 potuerit.
1142 822 1265 889 deinde

216 964 258 1006 ex
278 963 390 1006 caussa
412 961 450 1005 ea
471 963 567 1028 quam
590 963 689 1028 supra
711 940 944 1028 explicauimus
973 942 1043 1007 fieri
1071 963 1136 1006 non
1159 942 1265 1029 potuit

215 1069 253 1123 ut
280 1081 392 1124 uersus
421 1058 454 1121 in
483 1079 546 1146 quo
574 1059 651 1123 illud
676 1058 790 1143 fauetis
820 1067 869 1123 est
897 1069 972 1125 ante
993 1081 1121 1123 uersum
1142 1058 1200 1139 24,
1231 1057 1263 1121 in

216 1197 281 1262 quo
304 1173 478 1261 Pompeius
515 1176 653 1262 primum
682 1174 885 1256 nominatur,
917 1177 1091 1261 legeretur.
1127 1174 1264 1261 denique

216 1291 363 1357 uersibus
392 1290 456 1356 illis
482 1290 515 1355 in
543 1291 606 1355 fine
635 1291 784 1356 carminis
812 1292 945 1356 resectis
972 1314 1100 1356 carmen
1122 1292 1265 1357 clausula

217 1417 317 1474 caret.
372 1430 444 1473 nam
479 1430 592 1474 uersus
625 1408 800 1493 trigesimus
835 1408 929 1473 huius
964 1407 1035 1474 uice
1069 1409 1164 1495 fungi
1199 1431 1263 1474 non

215 1535 338 1613 potest,
360 1548 432 1592 cum
453 1525 545 1591 aliter
566 1534 664 1613 atque
687 1524 906 1592 Mommscnus
928 1526 997 1592 siue
1019 1525 1263 1591 Lachmannnm

215 1644 285 1708 siue
321 1642 501 1730 Hauptium
535 1652 665 1709 secutus
700 1643 778 1708 fecit
813 1642 971 1729 legendus
1005 1644 1058 1710 sit.
1122 1666 1185 1731 quo
1225 1644 1264 1709 de

215 1782 313 1825 uersu
347 1758 551 1841 difficillimo,
586 1768 624 1825 ut
659 1781 742 1847 quae
783 1762 885 1826 sentio
919 1762 1039 1844 dicam,
1083 1760 1144 1825 uiri
1179 1760 1264 1826 docti

215 1878 246 1942 ei
289 1899 424 1964 quorum
470 1875 622 1941 iudicium
669 1877 842 1964 plurimum
890 1878 997 1943 facere
1042 1878 1183 1943 solemus
1226 1899 1264 1942 eo

213 2014 318 2081 praue
337 1992 496 2058 iudicasse
517 1993 668 2058 uidentur
689 1995 775 2081 quod
795 2015 862 2059 non
878 1993 1071 2060 dubitabant
1092 1995 1169 2083 quin
1192 2017 1263 2059 eum

216 2110 362 2179 Catullus
397 2109 485 2197 puris
520 2110 634 2174 iambis
670 2110 858 2197 scripsisset
913 2111 1001 2197 quod
1036 2110 1113 2176 dum
1148 2111 1265 2191 scribo,

215 2228 371 2316 quosdam
400 2226 519 2292 audire
539 2228 617 2292 mihi
648 2226 759 2292 uideor
778 2228 968 2293 temeritatis
990 2251 1040 2292 me
1062 2238 1262 2309 accusantes,

214 2345 335 2433 quippe
358 2344 465 2432 quiid
489 2341 577 2429 quod
605 2343 745 2409 omnium
774 2344 807 2408 in
833 2344 895 2409 hoc
925 2367 1021 2409 uersu
1052 2344 1262 2408 certissimum

215 2462 258 2527 sit
285 2462 319 2525 in
347 2460 580 2527 dubitationem
609 2483 724 2525 uocare
755 2460 899 2527 audeam.
944 2484 1024 2547 quos
1046 2460 1142 2525 uelim
1170 2483 1264 2546 argu·

161 2639 168 2653 ‚
214 2588 324 2646 menta
347 2579 426 2646 haec
454 2578 565 2645 sedato
587 2578 692 2644 animo
714 2578 881 2665 accipiant.
927 2603 989 2667 quo
1016 2578 1181 2645 lubentius
1201 2578 1264 2643 illis

214 2696 366 2779 concedo,
389 2696 415 2761 si
437 2719 501 2783 qua
523 2696 747 2761 emendatione
768 2693 925 2782 probabili
940 2695 1011 2778 puri
1026 2695 1124 2761 iambi
1140 2695 1265 2760 restitui

214 2815 356 2902 possint,
385 2813 468 2878 hano
496 2811 627 2878 cuilibet
649 2834 732 2900 quae
755 2813 933 2899 spondeum
955 2812 1052 2878 infert
1072 2812 1171 2899 longe
1193 2833 1261 2876 esse

213 2930 476 3019 praeferendam,
508 2952 545 2995 eo
574 2929 758 3016 diligentius
788 2931 1025 2996 obseruandum
1048 2942 1095 2994 est
1118 2930 1265 2996 emenda·

213 3049 320 3114 tiones
340 3049 373 3113 in
396 3046 516 3115 Catulli
537 3047 620 3112 libro
643 3046 747 3111 nullas
770 3047 830 3112 nisi
854 3069 937 3134 qnae
964 3047 1109 3133 pauculis
1139 3056 1264 3113 tantum

213 3165 330 3231 litteris
350 3164 483 3231 mutatis
505 3187 523 3229 e
545 3163 735 3229 lectionibus
757 3163 913 3229 librorum
938 3165 1097 3230 bonorum
1124 3164 1266 3229 efficiun-

212 3295 265 3350 tur
286 3282 472 3371 probabiles
494 3281 606 3346 haberi
627 3304 723 3369 posse
745 3306 752 3347 :
775 3281 862 3369 quod
890 3282 945 3368 qui
975 3283 1096 3368 optima
1117 3303 1266 3369 quaeque

213 3401 348 3467 inuenta
375 3423 448 3464 cum
478 3398 619 3487 priorum
650 3399 936 3484 grammaticorum
967 3409 1034 3464 tum
1063 3398 1265 3464 Lachmanni

214 3526 246 3583 et
271 3516 408 3603 Hauptii
438 3515 493 3600 (of.
524 3516 592 3580 eius
619 3524 740 3601 quaest.
764 3514 882 3583 Catull.
905 3539 936 3598 p.
958 3515 992 3600 9)
1022 3514 1265 3602 perlustrauorit

213 3633 415 3700 uerissimnm
447 3655 517 3698 esse
556 3643 738 3718 cognoscet.
791 3630 856 3697 iam
894 3632 969 3697 uide
1003 3656 1081 3696 num
1118 3634 1265 3698 emenda-

214 3751 320 3817 tiones
349 3771 433 3837 quae
461 3749 502 3814 ad
530 3747 653 3814 iambos
684 3771 782 3835 puros
809 3747 1047 3814 resuscitandos
1069 3748 1173 3814 adhuc
1195 3772 1265 3837 pro-

215 3878 375 3933 uenerunt
402 3889 420 3932 e
448 3889 581 3932 numero
613 3865 828 3952 probabilium
857 3865 929 3929 sint.
982 3866 1016 3929 in
1046 3866 1136 3930 libris
1166 3867 1266 3953 igitur

218 3983 490 4070 Sangermanensi
504 3983 634 4048 Datano
652 3981 837 4050 (lolbertino
860 3981 1006 4048 Parisino
1024 3981 1265 4066 (P1)Statianis

218 4122 329 4167 uersus
350 4102 396 4166 ita
414 4101 533 4186 legitur
548 4101 639 4164 Hunc
654 4099 780 4164 Galliae
801 4103 881 4164 timet
899 4111 926 4164 et
942 4099 1130 4176 Britanniae,
1154 4103 1266 4167 eodem

219 4216 371 4287 lectiones
393 4227 542 4305 spectant
561 4217 718 4282 librorum
740 4215 1016 4302 interpolatorum,
1039 4218 1071 4282 in
1094 4217 1210 4304 quibus
1232 4231 1268 4283 ut
