3342 5200
405 653 453 701 172
675 647 724 700 vn
757 649 804 700 DE
822 647 966 700 munau
982 647 1179 702 plumeo

400 814 488 878 ronie
520 815 637 902 probat
666 814 721 902 qui
748 813 789 879 ‹lc
817 813 970 879 Memmio
992 823 1120 878 oratore
1140 814 1175 878 iu
1195 813 1299 878 Bruto
1322 814 1364 877 70
1384 811 1449 876 247

400 941 449 996 eat
469 955 476 996 :
500 931 540 995 G.
563 933 726 995 Memmius
749 931 787 994 L.
817 933 843 1006 f.
870 928 1029 1015 perfectae
1054 930 1178 1012 inerti,
1214 929 1270 994 red
1308 929 1450 1010 Graecia,

393 1045 594 1130 foetidum
630 1070 705 1112 eone
737 1046 919 1112 Latinarum
948 1072 959 1112 .·
987 1060 1114 1134 orpntnr
1152 1060 1253 1112 orator
1286 1047 1451 1132 amboque

399 1165 513 1238 dnloc'a,
543 1163 602 1228 aed
617 1163 754 1251 sapiens
780 1187 839 1230 non
865 1167 953 1229 modo
981 1163 1110 1228 dicendi
1127 1187 1236 1229 uerum
1256 1169 1346 1229 eoum
1367 1168 1451 1251 copi·

400 1283 492 1346 modi
510 1281 641 1344 honrem
651 1327 661 1364 ,
691 1291 807 1344 tontum
833 1279 902 1345 sibi
919 1280 959 1344 de
980 1280 1126 1357 summale
1147 1280 1282 1345 detraxit
1300 1292 1452 1365 qnantum

400 1399 548 1463 inminuit
582 1397 756 1460 industriae.
804 1405 842 1462 ut
873 1396 974 1483 igitur
998 1397 1032 1460 iu
1064 1395 1188 1482 ingenii
1228 1395 1358 1461 dotibua
1393 1419 1451 1462 ex·

400 1511 542 1578 colendis
568 1512 613 1578 ita
643 1503 757 1577 ctiam
773 1514 805 1577 in
835 1513 922 1579 curia
951 1522 985 1577 et
1012 1511 1126 1577 officiis
1152 1513 1280 1578 cohorti
1301 1535 1380 1579 suae
1402 1513 1451 1578 iu·

399 1627 579 1716 pandendis
599 1628 709 1714 segnia
729 1627 791 1695 fuit
812 1627 986 1694 Memmius
1007 1638 1040 1693 et
1059 1629 1177 1694 lentus.

481 1777 520 1844 In
544 1777 718 1866 Bithynia,
750 1778 872 1842 utiam
892 1778 1125 1860 iudicauimus,
1159 1775 1308 1843 Catullus
1330 1799 1450 1843 nauem

399 1894 460 1959 eibi
487 1893 677 1980 conparauit
706 1916 770 1980 qua
796 1903 834 1958 ut
860 1894 990 1959 domum
1019 1893 1139 1959 rediret
1164 1903 1319 1960 uteretur.
1363 1917 1449 1982 quae

398 2035 471 2076 cum
501 2010 543 2076 ad
572 2012 656 2075 lares
686 2033 760 2074 auos
781 2033 872 2075 arum
892 2012 1140 2098 reportauiaaet,
1171 2010 1337 2076 emeritam
1359 2021 1393 2075 et
1412 2011 1448 2075 iu

399 2129 472 2192 lacu
493 2127 623 2192 Benaco
645 2127 686 2192 ad
708 2125 904 2193 Sirmionam
924 2127 1162 2213 paeninsulam,
1196 2148 1280 2215 quae
1301 2127 1446 2192 eiusdem

399 2244 446 2310 eri
467 2253 554 2327 erat,
586 2243 842 2330 requiescentem
869 2242 996 2311 Castori
1026 2253 1060 2309 et
1086 2243 1211 2309 Polluci
1239 2243 1383 2309 carmine
1405 2267 1447 2308 nn

398 2371 494 2448 poeta
521 2359 691 2426 dedicauit.
734 2359 784 2425 hia
815 2362 901 2424 enim
934 2359 1041 2428 uerbis
1070 2359 1218 2427 Catullus
1244 2360 1278 2426 iu
1300 2361 1447 2426 carmine

397 2478 453 2542 illo
475 2487 619 2542 extremo
640 2475 806 2563 phaselum
826 2475 1014 2564 loquentem
1034 2475 1113 2542 fecit
1133 2499 1142 2540 ε

558 2676 652 2737 neque
672 2654 734 2715 ulla
754 2664 825 2717 uota
844 2652 1013 2718 litoralibus
1032 2656 1095 2717 deit

556 2769 616 2833 ribi
635 2790 699 2833 erre
719 2768 811 2850 facto
830 2792 899 2833 cnm
919 2774 1034 2833 ueniet
1052 2794 1072 2833 a
1092 2770 1198 2835 morai

555 2889 714 2951 nouissime
732 2889 811 2951 tunc
833 2889 877 2950 od
894 2909 991 2973 unque
1013 2887 1175 2973 limpeilnm
1196 2889 1306 2953 locum.

555 3004 611 3066 ned
630 3002 704 3065 leaeo
721 3003 813 3087 priua
831 3001 924 3084 sucre
943 3028 955 3067 .·
974 3025 1052 3067 nunc
1073 3002 1232 3067 recondito

554 3132 633 3183 senet
652 3120 750 3205 quiete
770 3141 860 3205 oeque
880 3119 1006 3184 dedicat
1025 3120 1089 3202 tibi,

553 3235 677 3321 pamella
698 3232 808 3300 occur
828 3247 858 3299 et
874 3235 1002 3318 qemelle
1025 3236 1165 3300 (lectorio.

394 3423 481 3488 uiam
496 3448 593 3512 quam
614 3428 647 3490 iu
669 3427 773 3493 reditu
795 3428 904 3492 tenuit·
916 3426 1063 3494 Catullus
1082 3428 1152 3515 ipae
1175 3429 1209 3493 in
1230 3452 1328 3495 uersu
1348 3442 1445 3498 sexto

394 3549 427 3604 et
447 3543 653 3628 sequentibus
676 3542 856 3630 descripsit.
900 3546 1002 3609 maria
1023 3545 1108 3610 enim
1132 3547 1183 3611 uel
1198 3547 1269 3611 loca
1282 3569 1342 3635 per
1358 3572 1446 3637 quaa

393 3657 445 3720 nel
473 3657 513 3722 ad
543 3680 627 3745 quae
651 3658 801 3744 phaselus
829 3659 1009 3725 uehebatur
1034 3672 1134 3726 testea
1164 3663 1340 3729 celeritatis
1370 3666 1443 3731 eiua

392 3770 637 3859 inconparabilia
658 3774 747 3839 hisce
768 3776 878 3840 uerbis
900 3776 1132 3862 producuntur,

554 3971 582 4023 et
601 3960 657 4024 lton
676 3974 768 4048 nepot
788 3967 918 4027 nanceio
937 3964 1100 4029 Adnuite·

554 4097 666 4158 nepote
687 4078 758 4141 litus
779 4078 942 4143 a‘nculncue
965 4080 1112 4164 Cycladas

552 4188 750 4276 Rhodumque
769 4192 900 4258 notulam
921 4196 1137 4282 torridumque
1161 4196 1329 4264 turanum
