3342 5200
440 629 491 680 ⁸08
809 625 876 682 xm
909 625 960 680 DE
977 625 1119 680 ΟΔΤΟΝΕ

439 793 530 858 huss
552 813 708 858 annorum
729 791 1017 870 671183-675179
1045 793 1294 877 consideramus,
1323 816 1434 881 neque
1466 795 1494 859 si

440 907 598 978 Catonem
611 907 767 998 pupillum
782 909 960 978 acerbitate
974 919 1156 997 temporum
1170 909 1380 978 Sullanorum
1393 912 1495 998 patri·

438 1027 582 1092 monium
611 1025 753 1093 amisisse
783 1025 931 1092 audimus
956 1025 1093 1112 (Naelrii
1122 1028 1207 1093 enim
1234 1051 1267 1115 p.
1295 1028 1359 1094 260
1390 1029 1494 1116 expli·

440 1144 524 1211 catio
556 1143 619 1210 loci
652 1141 843 1210 Suetoniani
875 1143 1052 1210 contortior
1081 1154 1131 1209 est
1158 1167 1254 1234 quam
1288 1156 1325 1212 ut
1355 1146 1494 1234 probari

438 1263 565 1351 possit),
594 1283 700 1351 neque
721 1260 748 1327 si
770 1259 878 1327 Vectii
899 1259 1096 1345 Philocomi‚
1125 1283 1190 1347 quo
1217 1262 1374 1348 magistro
1404 1261 1493 1328 Coto

440 1403 518 1446 usus
546 1391 613 1465 est,
639 1391 789 1468 tempora
815 1377 1109 1466 circumspicimus,
1142 1379 1245 1445 euerti
1263 1401 1325 1444 nec
1346 1377 1494 1468 denique

440 1497 587 1564 omuibus
609 1496 805 1586 argumentis
833 1497 880 1562 eis
908 1495 1041 1582 infringi
1067 1505 1175 1584 potest
1202 1496 1319 1584 quibus
1340 1495 1494 1562 Naekius

440 1615 618 1682 sententiae
642 1637 719 1680 auae
748 1613 971 1680 necessitatem
1000 1613 1202 1702 conprobare
1230 1613 1353 1680 studuit
1373 1638 1383 1680 ε
1403 1635 1494 1702 quae

440 1731 625 1798 accuratius
655 1731 817 1821 explicare
847 1742 880 1797 et
901 1731 1037 1818 longum
1065 1740 1098 1796 et
1119 1753 1139 1795 a
1158 1753 1195 1796 re
1216 1741 1327 1796 nostra
1347 1729 1494 1797 alienum

441 1857 499 1914 eet
544 1849 654 1938 itaque
679 1848 756 1915 nihil
786 1849 895 1915 obstat
920 1849 1114 1936 quominus
1142 1847 1299 1916 Catonem
1323 1871 1388 1913 non
1423 1870 1492 1913 uno
1584 1858 1585 1863 ’

441 1975 475 2032 et
501 1966 616 2054 uiginti
646 1967 701 2032 sed
728 1965 878 2032 undecim
907 1965 976 2032 fere
996 1976 1122 2034 tantum
1143 1965 1236 2031 annis
1262 1964 1382 2032 Catulli
1402 1977 1495 2033 aeta·

439 2095 506 2150 tem
527 2083 735 2150 antecessisse
756 2083 1003 2167 contendamus,
1033 2104 1117 2172 quae
1146 2084 1305 2150 sententia
1333 2105 1372 2148 eo
1398 2084 1493 2172 quod

441 2199 577 2268 Ouidius
599 2201 753 2286 (tristium
776 2225 795 2267 ιι
816 2201 893 2286 436)
914 2211 990 2289 post
1004 2200 1169 2268 Catullum
1184 2200 1322 2270 Caluum
1337 2201 1493 2268 Ticidam

441 2317 628 2384 Memmium
663 2329 868 2386 enumeratos
903 2341 976 2384 oum
1010 2317 1116 2386 Cinna
1151 2319 1276 2384 Ansere
1311 2316 1493 2384 Cornificio

441 2433 576 2502 Catonis
602 2431 789 2502 memoriam
819 2435 987 2502 coniunxit
1007 2458 1073 2501 non
1095 2436 1261 2502 refellitur,
1306 2457 1493 2524 quaecum

440 2552 486 2621 ita
506 2553 580 2635 sint,
603 2575 621 2619 o
641 2563 821 2643 temporum
843 2553 968 2621 ratione
985 2554 1109 2620 nullum
1124 2555 1244 2642 petitur
1259 2564 1493 2640 argumentum

440 2671 532 2736 cuius
562 2672 683 2737 auxilio
710 2670 752 2738 od
773 2670 934 2740 Catonem
963 2673 1212 2761 grammaticum
1234 2671 1396 2738 Catullum
1420 2694 1492 2737 car

439 2810 514 2855 meu
541 2808 597 2853 avr
627 2789 795 2877 scripsisse
826 2789 939 2878 negari
968 2790 1079 2877 possit.
1122 2800 1235 2855 contra
1265 2798 1413 2855 nostrum
1448 2788 1492 2853 de

439 2905 567 2972 homine
588 2927 685 2995 quem
705 2904 853 2974 Catullus
873 2907 907 2972 iu
925 2905 1066 2973 carmine
1083 2906 1139 2972 illo
1156 2906 1325 2972 adlocutus
1339 2916 1390 2974 est
1406 2905 1492 2972 iudi·

439 3024 525 3088 cium
552 3022 623 3088 aliis
652 3046 781 3112 quoque
808 3024 871 3090 nisi
900 3024 1042 3091 fallimur
1072 3023 1251 3093 rationibus
1279 3024 1425 3089 munitur
1456 3034 1492 3089 et

440 3138 633 3207 defenditur.
696 3140 793 3208 modo
839 3143 947 3207 locum
989 3140 1186 3209 Ouidianum
1226 3141 1492 3208 commemoraui·

440 3281 512 3324 mus
531 3279 595 3345 quo
623 3268 738 3345 poetae
765 3259 943 3325 carminum
972 3259 1202 3325 amatoriorum
1231 3268 1264 3325 et
1293 3258 1491 3324 lasciuorum

441 3374 549 3441 Latini
572 3386 801 3441 enumerantur
831 3385 865 3442 et
890 3376 954 3442 iam
975 3398 1072 3464 supra
1099 3399 1129 3464 p.
1150 3376 1213 3441 299
1241 3374 1283 3440 de
1309 3373 1490 3442 Cornificio

440 3491 640 3580 disputantes
661 3515 774 3559 uersus
795 3492 878 3557 duos
901 3515 958 3559 eos
979 3492 1190 3580 excripsimuo
1211 3493 1246 3559 in
1264 3493 1381 3581 quibus
1394 3490 1489 3559 Naso

442 3612 539 3676 etiam
573 3610 613 3677 de
646 3608 771 3677 Catone
801 3610 964 3676 iudicauit.
1012 3610 1071 3677 uix
1101 3631 1184 3697 opus
1217 3619 1266 3676 ost
1297 3611 1490 3676 memoriam

385 3768 388 3777 .
441 3748 593 3791 uersuum
613 3726 740 3793 illorum
760 3728 903 3793 recolere
923 3750 932 3791 ε

482 3844 555 3931 quid
573 3843 712 3928 referam
738 3844 876 3920 Ticidae,
898 3844 978 3931 quid
997 3844 1128 3910 Memmi
1146 3867 1279 3921 carmen,
1299 3844 1391 3929 apud
1409 3868 1490 3931 quoa

521 3964 609 4025 rebus
629 3962 718 4027 adest
737 3985 847 4028 nomen
867 3962 1093 4048 nomr'niduequc
1110 3960 1224 4048 pudor,

484 4075 583 4143 Oinoa
603 4102 718 4165 quoque
739 4080 786 4144 tis
806 4102 909 4145 comeo
929 4091 973 4144 cst
994 4077 1153 4166 Cinnaque
1170 4083 1330 4163 procacior
1351 4078 1459 4142 Arrocr

525 4207 553 4259 ct
570 4197 635 4260 terre
658 4194 805 4283 Cornifici
818 4219 936 4283 perque
958 4192 1086 4261 carone
1105 4219 1190 4281 opus.
