3342 5200
403 592 452 643 tot
685 589 709 641 V
743 591 790 643 DE
808 591 987 645 suosmvs
1004 591 1158 645 cervum

400 756 559 821 neminem
573 755 650 822 dum
672 757 758 845 quod
774 756 873 823 soism
887 757 1079 823 senteutiam
1093 757 1177 823 hsno
1187 758 1228 823 do
1242 780 1308 845 qus
1322 758 1450 825 disseri·

400 896 471 939 mus
492 873 652 939 ediaaisse
674 873 714 939 sd
737 875 869 940 modum
890 875 1007 953 miror,
1028 874 1103 939 inde
1127 885 1237 962 petere
1264 873 1339 940 lieet
1361 878 1450 964 quod

400 1013 442 1057 ex
464 990 584 1059 Catulli
604 992 746 1057 carmine
767 1010 844 1057 cxvi
866 990 1006 1057 Gellium
1037 992 1218 1059 litterarum
1246 990 1451 1059 Graecorum

401 1107 579 1174 studiosum
606 1107 659 1173 uel
682 1107 781 1173 fuisse
803 1108 857 1173 uel
877 1106 1042 1174 simulasse
1065 1107 1221 1175 uidemus.
1265 1109 1306 1174 cf.
1334 1132 1451 1175 uersus

399 1224 486 1291 illius
505 1224 657 1290 carminis
678 1222 812 1313 priores,

549 1421 639 1485 saepe
659 1398 720 1463 tibi
737 1400 869 1463 studioso
889 1400 990 1464 auimo
1012 1413 1139 1465 sonante
1160 1407 1320 1488 requirens

600 1516 742 1579 earmina
762 1516 812 1579 uti
828 1538 951 1601 possem
972 1520 1082 1579 mittere
1103 1516 1276 1600 Battiadae,

551 1632 609 1717 qai
627 1643 653 1695 te
674 1633 799 1696 lenirem
820 1632 917 1715 nobis,
938 1656 998 1697 neu
1017 1657 1162 1698 conarere

598 1748 665 1812 telis
686 1747 839 1833 infestam
860 1752 974 1813 mittere
994 1754 1024 1814 iu
1045 1772 1143 1836 usqae
1163 1762 1254 1835 rapat
1274 1798 1282 1813 .
1304 1797 1313 1813 .

403 1922 550 1991 Catullus
579 1924 664 1989 enim
694 1946 758 2011 quo
787 1925 883 1989 modo
905 1923 1047 1989 Gellium
1070 1924 1128 1991 sibi
1150 1924 1321 1991 consiliare
1341 1948 1451 2013 speru-

400 2048 454 2106 ret'
475 2014 671 2105 earminibus
699 2040 836 2107 Grseois
866 2039 1061 2105 transmissis
1091 2051 1124 2105 et
1144 2040 1228 2106 dono
1250 2040 1354 2124 datis,
1385 2044 1450 2109 nisi

401 2156 527 2225 Gellius
558 2178 668 2223 eoram
700 2166 825 2222 ametor
854 2156 967 2223 fuisset
997 2158 1050 2222 uel
1070 2157 1169 2223 talem
1200 2180 1235 2223 se
1262 2157 1447 2245 gessisset?

399 2285 498 2362 etque
519 2275 582 2339 ism
604 2274 704 2339 uerba
724 2273 780 2339 ills
801 2272 970 2339 Ciceronis
990 2297 1049 2361 pro
1065 2273 1171 2340 Sestio
1193 2275 1213 2338 l.
1229 2299 1256 2339 o.
1278 2275 1447 2342 eonferen-

399 2404 451 2457 tur
465 2392 575 2457 desudo
591 2391 782 2457 (iraeadem
800 2414 832 2455 se
853 2404 944 2477 atque
957 2393 1084 2457 otiosum
1103 2397 1208 2477 putari
1226 2393 1330 2468 uolat,
1351 2396 1447 2457 stadio

398 2507 566 2573 litterarum
593 2531 626 2573 se
655 2508 749 2573 sabito
771 2508 896 2574 dedidit.
940 2531 1046 2574 nonne
1081 2530 1120 2573 ee
1152 2508 1194 2573 ed
1226 2507 1446 2576 catullianum

400 2647 529 2712 quoque
562 2623 709 2692 Gellium
742 2625 862 2712 optime
893 2624 1053 2713 quadrare
1094 2624 1280 2690 uidentur?
1330 2637 1446 2693 eontra

396 2743 538 2809 libidinis
569 2741 791 2808 inmanitatem
822 2765 926 2830 usque
953 2742 995 2808 ad
1021 2743 1164 2808 incestus
1190 2743 1334 2808 nefastos
1370 2766 1445 2831 pro·

398 2859 582 2942 cedentem,
618 2882 715 2946 quam
744 2857 891 2925 Catullus
920 2861 1012 2947 qussi
1049 2859 1151 2947 primo
1187 2861 1258 2924 loeo
1295 2861 1446 2946 castiget,

399 2976 530 3060 Cicero,
563 2978 590 3043 si
618 3001 639 3042 s
658 2976 791 3042 fellsndi
812 2976 1012 3064 turpitudine
1041 2975 1249 3058 discesseris,
1281 2977 1315 3041 in
1337 2977 1445 3044 Gellio

397 3117 463 3158 uon
483 3093 627 3176 notauit,
665 3093 725 3158 etsi
756 3115 821 3158 non
850 3092 1035 3179 neglexeris
1064 3093 1210 3160 Gellium
1241 3117 1260 3159 s
1287 3092 1446 3160 Cicerone

397 3211 548 3298 inpurum
580 3208 818 3276 adolescentem
840 3209 1010 3276 nominari.
1053 3212 1109 3275 sed
1130 3210 1177 3275 illi
1197 3210 1243 3275 rei
1264 3212 1445 3276 eruendum

399 3337 448 3392 est
468 3349 509 3392 ne
529 3326 663 3392 nimium
684 3327 884 3409 tribuemus,
914 3350 988 3394 oum
1009 3324 1158 3394 dubitare
1179 3349 1242 3394 non
1257 3328 1353 3393 lioeet
1367 3328 1446 3414 quin

397 3443 493 3508 horno
516 3465 613 3531 quem
632 3444 764 3510 fellsndi
791 3445 916 3530 flagitio
938 3444 1080 3510 deditum
1102 3445 1220 3510 seimus
1241 3445 1281 3510 ab
1302 3443 1446 3510 incestus

398 3562 517 3627 scelere
532 3583 596 3626 non
613 3561 825 3626 abhorruerit
846 3583 954 3649 neque
965 3571 1073 3628 tamen
1087 3571 1279 3648 arguments
1292 3562 1447 3648 grauiora

397 3679 523 3761 desunt,
545 3677 661 3764 quibus
677 3679 837 3744 sententis
851 3678 906 3744 ills
921 3689 1139 3765 oppugnatur.
1183 3679 1319 3767 primum
1333 3680 1445 3746 uxoris

397 3794 497 3862 Gellii
526 3793 724 3861 sOioerone
755 3806 1025 3860 commemoratae
1055 3795 1216 3862 Catullum
1247 3797 1446 3862 mentionem

397 3935 463 3978 non
485 3911 599 3977 fecisse
619 3934 678 3976 nos
700 3935 796 4000 quam
817 3913 959 3978 maxime
988 3912 1181 3996 offenderet,
1210 3914 1236 3977 si
1266 3912 1393 3980 Gellius
1425 3938 1446 3979 a

398 4027 527 4095 Catullo
550 4029 761 4117 reprehensus
777 4028 886 4096 Clodii
907 4030 1027 4096 amisus
1049 4031 1105 4095 ille
1125 4030 1243 4096 fuisset.
1265 4031 1336 4116 quis
1358 4031 1445 4098 enim

398 4146 465 4214 ueri
489 4146 590 4214 simile
611 4144 775 4234 putauerit
794 4145 945 4229 Gellium,
967 4147 1023 4233 qui
1044 4157 1077 4212 et
1097 4148 1193 4213 homo
1212 4147 1446 4235 perfidissimus
