3342 5200
472 685 523 753 ιιΙ
542 685 589 738 na
607 685 785 738 nuomcvs
804 683 960 738 carrum
1190 689 1237 742 rar

188 876 218 938 p.
230 853 277 918 48
294 851 460 938 adgnouit
483 851 540 916 sed
556 874 620 940 quo
635 852 705 918 iure
721 849 869 918 Catullus
882 849 989 918 Thalli
1001 853 1175 919 nomenari
1189 854 1241 920 Iu·

191 969 339 1036 nentium
355 969 590 1056 designandum
605 991 760 1057 usurpare
774 967 914 1057 potnit?
956 990 1009 1034 res
1030 969 1108 1036 satis
1129 978 1243 1056 aperta

194 1098 250 1153 eat.
296 1087 416 1152 etenim
439 1085 567 1152 Gracco
591 1085 697 1152 Thalli
725 1084 856 1150 nomine
884 1084 1033 1152 Catullus
1063 1085 1160 1150 uertit
1180 1086 1242 1152 La·

194 1204 297 1268 tinum
313 1203 465 1270 quentii.
497 1204 676 1282 quentius,
698 1204 726 1270 si
748 1225 878 1268 sensum
894 1212 1088 1290 spectamus,
1109 1211 1159 1268 est
1177 1198 1241 1268 ‘uir

193 1320 319 1386 iuuenis
348 1329 381 1387 et
406 1329 513 1388 aetate
539 1315 683 1402 florens,
714 1318 849 1388 eandem
875 1321 941 1384 uim
962 1306 1092 1396 Oclloc
1111 1341 1240 1407 quoque

192 1437 312 1502 habet:
328 1445 378 1503 est
398 1435 482 1502 anim
504 1437 531 1502 is
550 1431 616 1525 ‘qui
637 1446 744 1502 aetate
767 1435 851 1502 niret
872 1444 904 1501 et
926 1429 1044 1519 florct‘,
1072 1447 1122 1502 ost
1146 1436 1241 1525 quasi

190 1548 339 1636 ‘Florus','
357 1554 451 1619 sicuti
465 1553 585 1618 nomini
599 1542 735 1620 ‘Florae’
746 1552 910 1620 Graecum
922 1543 1097 1618 elthece
1109 1576 1240 1642 respon·

191 1671 255 1736 det.
297 1671 409 1758 itaque
429 1691 547 1736 nomen
568 1671 630 1736 hoc
644 1694 662 1734 e
675 1669 793 1736 Latino
812 1669 1003 1736 translatum
1016 1691 1090 1735 cum
1104 1669 1239 1758 Telephi

191 1787 223 1852 in
244 1787 375 1852 Horatii
397 1787 573 1852 carminum
597 1811 603 1850 ι
628 1787 667 1851 13
688 1809 720 1852 ιιι
744 1786 783 1852 19
804 1809 846 1851 ιιιι
869 1786 906 1850 11
930 1787 1076 1868 nomine,
1111 1787 1239 1874 quode

191 1904 310 1970 Latino
324 1892 492 1968 ‘Proculei’
511 1903 566 1987 (cf.
580 1902 710 1968 Horatii
726 1904 905 1968 carminum
921 1926 940 1968 ιι
954 1903 976 1968 2
988 1903 1025 1989 5)
1046 1925 1237 1970 conuersum

192 2020 508 2106 ssscBambergerus
525 2021 557 2084 in
569 2018 806 2086 Schneidewini
823 2021 983 2106 philologi
995 2044 1004 2085 ι
1015 2021 1078 2086 316
1093 2019 1239 2086 demons-

192 2138 291 2202 trauit
303 2137 361 2221 (of.
373 2137 468 2202 etiam
480 2135 752 2221 Iungclaussenus
764 2137 782 2201 l.
795 2159 821 2203 c.
833 2158 865 2224 p.
876 2136 943 2221 26),
951 2135 1120 2223 conparari
1131 2145 1239 2224 potest

193 2265 224 2320 et
244 2277 319 2320 cum
339 2247 525 2318 ‘Ianthidos'
544 2253 682 2337 nominc,
705 2276 768 2343 quo
789 2252 946 2319 Martialis
967 2276 1008 2319 vu
1025 2254 1099 2318 145
1120 2275 1236 2320 nomen

192 2365 425 2454 ‘Violantillae'‚
441 2369 551 2436 uxoris
561 2367 683 2436 Stellae
698 2381 823 2458 poetae,
836 2349 1010 2437 conuertit:
1021 2394 1103 2460 quae
1119 2371 1238 2436 femina

192 2515 210 2554 a
231 2487 338 2556 Statio
361 2488 515 2554 siluarum
537 2486 582 2551 12
604 2486 662 2551 197
685 2485 727 2551 ad
756 2510 873 2552 nomen
902 2489 1008 2553 mariti
1029 2486 1238 2552 Violantillae

191 2607 382 2695 respiciente
402 2600 546 2671 ‘Asteris'
567 2603 749 2671 nominatur
771 2605 827 2689 (ef.
844 2605 1005 2671 Husohhii
1020 2607 1238 2671 analectorum

191 2724 325 2789 litterar.
346 2746 377 2811 p.
400 2722 487 2807 303).
530 2732 563 2788 at
586 2722 672 2788 haud
700 2722 766 2789 scio
788 2744 830 2787 an
853 2722 1003 2791 Catullus
1024 2723 1088 2789 alia
1107 2722 1237 2810 insuper

191 2862 303 2907 caussa
323 2848 431 2906 motus
452 2838 492 2905 sit
513 2848 548 2905 ut
563 2838 747 2905 quentium
761 2838 870 2905 Thalli
890 2838 1021 2905 nomine
1042 2840 1236 2927 designaret.

189 2959 273 3046 quod
296 2956 366 3023 ueri
388 2956 489 3023 simile
510 2956 587 3022 mihi
609 2977 678 3023 esse
692 2955 830 3040 uidetur,
854 2958 930 3022 dum
946 2957 1053 3043 gantis
1067 2957 1236 3024 quentiae

189 3094 369 3162 cognomen
391 3067 533 3139 ‘Talnae‘
563 3082 676 3160 reputo
704 3072 1002 3160 frequentissimum
1025 3074 1133 3139 fuisse.
1175 3075 1237 3141 for-

189 3200 270 3257 tasse
294 3189 496 3257 Catullianus
523 3211 653 3276 quoque
685 3190 855 3256 quentius
883 3191 938 3256 illo
967 3191 1027 3257 hoc
1056 3212 1236 3277 cognomen

188 3308 328 3375 habuit:
351 3317 449 3395 atque
475 3315 571 3393 pocta
603 3328 645 3371 cx
673 3307 720 3373 eis
751 3307 935 3375 nominibus
961 3307 1098 3375 Graccis
1118 3310 1235 3398 quibus

189 3426 220 3491 in
251 3423 395 3491 lucentii
436 3423 563 3489 nomine
602 3400 821 3491 concertendo
862 3426 910 3490 uti
932 3424 1037 3491 ‘licuit
1070 3426 1103 3492 id
1135 3426 1236 3513 clegit

190 3544 275 3630 quod
298 3542 422 3609 Talnae
449 3540 631 3629 cognomini
659 3540 801 3607 quentii
831 3551 863 3607 et
892 3563 911 3606 e
937 3563 1018 3607 sono
1040 3541 1235 3609 simillimum

189 3670 220 3727 ct
241 3683 260 3725 e
282 3659 479 3747 syllabarum
507 3681 659 3725 mensura
680 3680 739 3745 par
760 3667 836 3723 crat.
880 3658 1015 3745 quodsi
1042 3681 1156 3725 uerum
1178 3670 1236 3744 est,

187 3778 249 3843 hoc
278 3797 397 3843 nomen
426 3775 537 3843 fictum
563 3798 641 3841 uero
671 3776 782 3841 eadem
809 3775 936 3841 ratione
962 3775 1155 3843 adsimilauit
1176 3776 1237 3845 Oa·

188 3895 285 3961 tullus
313 3902 412 3980 atque
438 3894 507 3980 ipse
538 3894 716 3959 Tanusium
740 3891 917 3961 Geminum
950 3894 1075 3960 Volusii
1107 3896 1236 3961 nomine

189 4010 364 4099 adpellauit
391 4019 424 4077 et
450 4034 508 4099 pro
531 4010 704 4077 Formiano
727 4010 810 4076 saltu
832 4010 1018 4100 Mamurrae
1038 4005 1236 4079 ‘Firmanum

188 4129 355 4195 Mentulae
377 4122 502 4223 saltum‘
516 4128 694 4194 nominauit
709 4150 716 4191 :
732 4126 906 4213 dequibus
928 4128 1025 4195 rebus
1045 4129 1130 4195 infra
1144 4128 1237 4217 plura

189 4247 326 4315 dicenda
350 4256 452 4312 erunt.
495 4245 636 4334 denique
651 4245 744 4311 simili
764 4243 899 4313 artificio
914 4243 1071 4313 Horatius
1086 4268 1162 4316 usus
1177 4256 1235 4328 est,
