3342 5200
441 675 490 722 310
808 669 872 724 xm
905 671 955 722 DE
973 668 1117 723 CATONB

439 835 647 904 Cornificium
677 835 888 904 Hortensium
916 834 1101 904 medum:
1130 835 1225 902 huius
1253 836 1340 902 enim
1370 847 1491 924 poetae

437 977 555 1022 nomeu
577 976 642 1020 non
664 953 775 1022 dubito
797 955 876 1044 quin
893 951 1047 1020 Heinsius
1068 977 1110 1020 ex
1129 952 1287 1020 librorum
1309 952 1403 1020 Serui
1418 953 1491 1020 feli·

436 1072 561 1140 obtimo
589 1071 760 1138 elicuerit:
782 1069 824 1136 ci.
845 1069 945 1137 Gellii
972 1080 1058 1136 noct.
1079 1070 1180 1136 Attio.
1201 1091 1288 1134 xwiu
1308 1069 1331 1134 9
1350 1069 1369 1134 ἵ
1391 1080 1428 1135 et
1448 1071 1490 1136 de

437 1197 544 1256 aetate
575 1199 608 1254 et
640 1185 833 1254 carminibus
865 1184 979 1252 Laeuii
1000 1185 1179 1252 Weicberti
1211 1186 1267 1251 rel.
1299 1195 1386 1275 poet
1411 1185 1490 1254 Lat.

438 1329 468 1394 p.
490 1306 532 1372 32
563 1315 596 1372 et
627 1304 763 1372 Luciani
792 1301 940 1369 Muelleri
970 1301 1011 1368 de
1040 1324 1076 1366 re
1103 1312 1198 1368 metr.
1226 1325 1258 1390 p.
1284 1302 1336 1368 lb.
1369 1324 1410 1368 ex
1444 1303 1491 1369 cis

435 1445 519 1513 quae
552 1423 613 1510 ipsi
648 1444 745 1509 supra
780 1419 989 1486 disseruimus
1021 1417 1189 1486 Catullum
1218 1442 1293 1485 cum
1317 1418 1424 1487 Caluo
1459 1431 1493 1486 et
1585 1480 1586 1509 ,

437 1539 542 1608 (huna
562 1551 594 1604 et
616 1536 788 1605 cornificio
810 1549 844 1604 et
864 1537 1056 1619 Hortensio,
1088 1537 1144 1623 qui
1173 1558 1286 1602 omnes
1310 1537 1345 1602 iu
1365 1537 1491 1604 eisdem

437 1658 504 1722 fere
525 1656 703 1722 carminum
725 1654 901 1742 genardus
921 1653 1147 1735 elaborarunt,
1175 1653 1426 1720 familiaritatem
1454 1677 1493 1720 re

439 1795 517 1840 uera
540 1773 741 1840 contraxisse
761 1778 964 1858 perspectum
985 1778 1043 1835 est.
1080 1769 1159 1834 item
1179 1791 1281 1857 nsque
1302 1771 1345 1837 ad
1361 1781 1492 1861 tempus

439 1911 504 1979 quo
524 1890 557 1954 in
580 1887 767 1974 Bithyniam
788 1863 955 1974 proiectus
975 1885 1193 1954 essecutus
1210 1887 1399 1954 Memmium
1421 1889 1493 1954 fau·

439 2007 518 2074 toris
538 2016 635 2094 atque
663 2004 791 2092 patroni
820 2005 892 2070 loco
918 2003 1033 2070 habuit
1054 2003 1113 2089 (cf.
1134 2027 1235 2093 supra
1253 2029 1284 2094 p.
1308 2006 1376 2072 163.
1400 2007 1492 2092 165).

440 2125 514 2213 quis
540 2122 641 2210 igitur
667 2121 838 2188 mirabitur
866 2122 894 2186 si
916 2119 1065 2188 Catullus
1092 2122 1260 2188 familiaris
1285 2122 1347 2190 ruit
1367 2132 1400 2190 et
1421 2147 1494 2190 car

440 2262 513 2306 men
536 2239 667 2328 aliquod
688 2239 775 2304 misit
787 2237 906 2308 catoni
927 2260 1057 2327 quoque
1078 2263 1086 2304 :
1108 2261 1249 2326 quocum
1271 2249 1392 2327 quanta
1414 2243 1494 2308 arni-
1585 2266 1586 2271 ¹

441 2355 516 2424 citis
537 2355 652 2438 Cinna,
674 2367 768 2443 poeta
786 2355 916 2424 Getullu
937 2356 1158 2439 amicissimus,
1180 2357 1372 2424 coniunctus
1392 2357 1494 2424 bresit
1585 2348 1586 2371 ¹

440 2474 539 2563 ipsius
559 2471 684 2540 Cinnae
706 2473 805 2561 (apud
830 2471 1021 2540 Suetonium
1044 2473 1085 2538 de
1105 2496 1239 2560 gramm.
1262 2474 1316 2559 11)
1337 2475 1377 2540 de
1393 2472 1493 2541 Cato·

441 2592 490 2658 nis
512 2591 655 2657 carmine
677 2591 728 2656 cui
744 2591 872 2658 Dianae
885 2591 937 2657 uel
952 2589 1136 2679 Dictynnae
1154 2613 1273 2657 nomen
1292 2591 1355 2658 fuit
1374 2616 1493 2659 uersus

440 2718 577 2775 testetur
605 2708 656 2773 hic
687 2707 817 2775 Saecula
841 2722 1023 2795 pcmcoeut
1048 2714 1144 2775 nostri
1169 2709 1322 2795 Dictynna
1352 2710 1491 2790 Octauia

442 2824 529 2911 quod
563 2846 692 2889 carmen
728 2822 948 2913 mythologice
984 2836 1175 2913 argumento
1217 2824 1347 2892 doctum
1388 2828 1492 2893 fuisse

441 2942 588 3008 Naelrius
619 2942 662 3029 (p.
684 2940 760 3025 272)
787 2950 875 3007 recte
902 2939 1034 3007 censuit
1077 2940 1182 3006 simile
1209 2941 1358 3025 Ticidae,
1392 2966 1493 3031 quem

442 3070 475 3126 ct
496 3060 600 3147 ipsum
623 3058 761 3125 Ouidius
782 3058 815 3122 in
836 3060 985 3126 uersibus
1005 3058 1070 3124 illis
1097 3058 1294 3143 nominauit,
1323 3060 1364 3125 de
1383 3060 1494 3148 Lydia

442 3176 577 3245 Catonis
599 3175 755 3241 iudicium
771 3184 843 3242 est:
859 3174 959 3261 Lydia
973 3175 1129 3241 doctorum
1141 3178 1285 3242 mceimu
1305 3200 1382 3241 curu
1400 3178 1491 3244 liber.

440 3304 608 3382 praeterea
637 3294 722 3381 apud
754 3293 946 3361 Suetonium
973 3293 1036 3359 duo
1065 3292 1156 3359 Furii
1177 3294 1340 3377 Bibaculi,
1371 3293 1493 3362 (latoni

440 3413 508 3476 fere
531 3410 685 3499 aequalis,
709 3411 942 3497 epigrammata
962 3420 1075 3477 extant
1095 3412 1129 3476 in
1150 3411 1266 3498 quibus
1285 3410 1371 3480 Cato
1388 3413 1493 3479 laudi·

440 3529 500 3594 bus
528 3528 659 3593 summis
687 3528 894 3613 preadicatur
915 3552 923 3594 :
941 3526 1065 3596 ironiae
1092 3529 1177 3594 enim
1206 3540 1239 3595 et
1267 3529 1493 3616 ambiguitatis

441 3645 623 3727 aculeatae,
658 3665 738 3731 quas
759 3642 967 3711 Weicbertus
989 3644 1060 3727 (rel.
1080 3655 1166 3732 poet
1188 3646 1261 3712 Lat.
1283 3668 1314 3732 μ
1335 3646 1413 3730 357)
1436 3646 1493 3713 de

442 3762 641 3847 prehendere
663 3762 725 3827 sibi
747 3760 835 3827 uisus
857 3771 914 3845 est,
936 3761 1015 3827 nihil
1036 3760 1071 3827 in
1087 3762 1133 3828 eis
1154 3762 1240 3829 inest
1253 3763 1310 3847 (cf.
1324 3761 1492 3831 Naekium

442 3878 483 3943 ad
498 3878 657 3945 Catonem
679 3903 709 3967 p.
723 3879 811 3962 269).
856 3878 994 3965 denique
1014 3879 1048 3944 in
1069 3878 1180 3967 primis
1200 3880 1299 3967 digua
1313 3890 1389 3947 sunt
1403 3904 1493 3969 quac

442 3995 624 4062 adcuratius
644 3995 887 4085 perpendantur
911 3996 991 4062 haec
1011 3996 1112 4062 uerba
1133 3994 1281 4062 Suetonii
1303 3997 1359 4083 (de
1382 4020 1492 4084 gram

441 4125 516 4178 met
541 4113 623 4197 11):
645 4113 749 4179 docuit
771 4113 1025 4179 Octcmalteact
1044 4114 1156 4179 metes
1175 4114 1324 4201 nisusque
1345 4127 1391 4181 est
1404 4122 1491 4203 pete·-
