3342 5200
374 607 425 658 ⁸⁸⁰
759 601 1045 658 mmmmm

373 795 448 858 apro
469 784 497 838 st
516 770 623 856 scsnso
642 771 813 853 demstice,
835 771 1063 858 mulioneque
1077 769 1208 834 desim
1228 767 1325 834 lectio
1348 765 1426 831 olim

373 889 507 978 uulgsts
535 889 612 956 slsis
638 911 678 954 σω
697 912 775 974 opro
793 900 822 954 ct
840 887 950 972 scrofa
969 887 1136 954 dommim
1156 883 1222 950 fide
1243 893 1331 949 csret
1352 905 1361 946 :
1383 881 1427 946 cf.

373 1004 564 1072 Muellerum
586 1004 626 1072 sd
648 1005 679 1072 h.
701 1005 732 1084 1.,
752 1005 808 1092 qui
830 1015 905 1093 post
919 1004 1073 1070 Vossium
1094 1003 1143 1086 (in
1159 1000 1336 1088 etymolog.
1352 999 1427 1067 Lot

372 1145 401 1210 p.
422 1121 500 1208 334)
521 1121 766 1190 Doederlinium
787 1122 845 1206 (de
859 1143 974 1210 synon.
990 1121 1063 1188 Imt
1077 1141 1109 1184 νι
1126 1119 1201 1203 158)
1221 1119 1303 1186 slios
1323 1116 1428 1184 uerbo

372 1239 426 1306 ills
462 1260 536 1306 cnm
563 1239 671 1308 ibride
697 1239 828 1326 Ιψόήᾰα
858 1239 1055 1327 cognatione
1075 1237 1251 1303 cohaerere
1271 1243 1361 1300 reote
1379 1235 1429 1300 in-

372 1355 507 1424 tellexit
541 1355 653 1446 itsque
667 1357 854 1424 coniectum
865 1355 922 1424 ills
934 1355 1073 1424 Marcilii
1095 1364 1218 1421 temere
1236 1353 1317 1418 reici
1329 1373 1430 1439 posse

373 1494 437 1538 uon
471 1472 608 1540 uidetur.
666 1485 775 1540 temen
806 1495 920 1540 uersus
949 1473 1118 1560 uulgarem
1156 1471 1256 1538 mom
1287 1470 1429 1535 formam

372 1589 493 1654 lovem
513 1588 639 1676 recipit.
679 1611 745 1656 non
768 1588 862 1654 nimis
883 1599 991 1656 sutem
1013 1589 1046 1654 in
1068 1610 1108 1653 eo
1123 1587 1324 1654 hserendum
1337 1584 1428 1672 quod

372 1703 480 1770 sullus
496 1703 578 1770 sllus
592 1703 732 1794 scriptor
745 1705 942 1772 uecsbulum
955 1704 1077 1772 humile
1096 1704 1176 1771 illud
1196 1703 1260 1768 ibet
1273 1702 1328 1767 uel
1340 1702 1429 1767 liber

372 1819 587 1906 usurpsuerit
629 1842 704 1888 usm
725 1821 791 1888 slis
812 1843 942 1911 quoquo
957 1822 1058 1888 uerbs
1073 1820 1223 1889 Ostullus
1238 1819 1326 1906 quod
1346 1816 1430 1885 scis-

371 1935 552 2004 musculus
581 1959 623 2004 ex
648 1959 796 2004 sermone
828 1939 957 2027 plebeio
983 1939 1037 2004 uel
1063 1937 1216 2004 familiari
1236 1935 1430 2023 sdsumpsit

370 2051 555 2120 consideres
596 2053 693 2120 uelim
733 2055 815 2120 hoec
847 2063 870 2121 ε’
893 2067 1014 2122 trusore
1055 2058 1128 2136 (um
1163 2055 1200 2138 6)
1237 2053 1430 2139 solopueiwu

371 2171 441 2252 (Lus
461 2169 497 2253 b)
524 2183 711 2258 supponem
738 2177 818 2254 (xvn
849 2173 905 2256 19)
930 2173 1104 2259 ploxenum
1134 2171 1358 2257 (Lxxnnrss
1385 2169 1429 2235 cf.

370 2283 505 2364 Quintil.
530 2309 537 2350 ι
559 2287 581 2352 b
599 2287 634 2370 8)
655 2293 832 2374 samsone
847 2292 1036 2372 (Lxxxxvru
1048 2290 1086 2372 4)
1107 2301 1277 2373 expulsare
1296 2287 1430 2371 (xxvsm

371 2403 411 2466 16
437 2402 477 2468 ot
506 2403 605 2488 gloss.
627 2403 730 2472 Lebb.
758 2427 791 2492 p.
812 2405 868 2487 69)
896 2407 938 2471 sle
967 2408 1061 2490 (Lxru
1082 2405 1106 2470 5
1132 2405 1174 2470 οἱ
1195 2404 1298 2492 gloss.
1320 2402 1430 2468 Labe.

369 2541 400 2607 p.
422 2517 462 2584 87
497 2519 634 2608 Hsuptii
655 2543 709 2610 qu.
733 2519 807 2588 cst.
833 2545 865 2611 p.
886 2522 956 2607 69).

453 2636 498 2701 Vt
516 2638 646 2704 tsudem
661 2639 704 2705 od
726 2660 794 2705 rem
815 2639 997 2723 redeamus,
1018 2635 1237 2727 explicatione
1258 2635 1431 2703 Parthenii

369 2751 589 2819 mtiliciosiore
609 2754 730 2823 reiects
744 2753 908 2823 Catullum
922 2757 1032 2823 uerius
1053 2757 1201 2824 dicemus
1216 2776 1259 2820 ex
1279 2754 1432 2842 cognatis

368 2868 457 2935 Arrii
471 2868 586 2939 uitium
601 2872 833 2959 pronuntiandi
850 2874 924 2941 ideo
942 2875 1101 2962 repetisse
1112 2874 1193 2961 quis
1201 2871 1322 2937 Arrius
1336 2882 1435 2959 putre

369 2983 499 3072 quidem
521 2986 590 3053 uiro
604 2987 740 3055 honesto
755 2998 912 3074 uteretur,
935 3000 1050 3057 contus
1070 2965 1113 3057 eir
1134 2999 1241 3056 matre
1263 2990 1336 3055 loco
1359 2988 1435 3055 obs·

369 3122 448 3166 cero
475 3112 507 3167 et
535 3105 624 3169 tenui
653 3116 729 3173 noto
756 3105 911 3173 oriundus
940 3115 1037 3173 esset
1089 3106 1171 3173 hoec
1193 3106 1220 3170 si
1242 3126 1324 3171 nors
1345 3114 1435 3189 snut,

369 3216 489 3304 optime
518 3218 701 3306 explicetur
729 3242 787 3287 cur
818 3232 946 3309 petrem
979 3222 1071 3289 Arrii
1101 3246 1168 3289 uon
1200 3221 1435 3289 nominsuem't

368 3340 537 3417 prseteres
564 3334 643 3401 hsec
673 3338 834 3405 sententis
863 3360 902 3403 eo
931 3337 1108 3405 sdinuotur
1136 3339 1225 3427 quod
1247 3336 1290 3418 Q.
1312 3338 1436 3404 Arrius

369 3446 423 3513 ille
453 3446 541 3515 circs
570 3472 689 3518 sunum
720 3454 840 3531 695159
868 3453 903 3520 ἱιι
934 3456 1037 3543 petris
1068 3456 1196 3544 aliquot
1228 3456 1326 3522 annis
1356 3464 1437 3522 onte

368 3562 487 3629 mortui
507 3565 664 3633 honorem
686 3568 763 3653 (hoc
784 3569 869 3636 enim
891 3592 1093 3660 quemquem
1115 3572 1272 3639 sdcurste
1293 3595 1362 3640 non
1384 3582 1438 3638 est

368 3676 521 3745 unditus
545 3682 737 3761 memorius,
765 3686 836 3751 ueri
867 3686 1069 3753 simillimum
1096 3698 1164 3772 est,
1192 3689 1233 3755 cf.
1256 3689 1438 3778 Borghesii

368 3790 408 3857 cle
430 3802 529 3877 geute
550 3796 650 3865 Auris
670 3802 902 3867 commentstio
916 3802 1096 3871 Mediolsni
1119 3806 1200 3871 1817
1224 3806 1316 3873 edito
1338 3806 1436 3874 Orel-

369 3905 402 3971 lii
432 3926 538 3973 enom.
567 3910 652 3979 Tull.
673 3935 705 4000 p.
728 3914 769 3980 73
804 3916 989 3983 Drumsuni
1017 3919 1090 3985 hist
1112 3920 1212 3988 Rom.
1234 3942 1257 3985 v
1278 3922 1354 4007 687,
1376 3923 1436 4009 ὃὸ)

369 4016 498 4107 epulum
526 4024 661 4094 funebre
687 4029 905 4099 lsutissimum
934 4045 968 4100 et
995 4036 1308 4120 celebratissimum,
1342 4041 1438 4128 quod

368 4144 498 4223 prester
526 4138 713 4211 Ciceronem
734 4145 769 4213 in
789 4148 901 4215 Vstiu.
925 4152 966 4217 12
985 4153 1030 4217 30
1057 4164 1093 4219 et
1125 4155 1339 4223 scholisstsm
1369 4156 1437 4223 Bo·
