3342 5200
313 679 363 729 ²04
514 675 590 727 vun
623 675 671 727 DE
689 674 847 728 CAESARE
865 673 913 726 ΕΤ
929 672 1161 726 causamme

312 842 434 910 Statius
456 841 540 907 enim
563 843 597 907 in
623 865 719 907 manu
749 841 879 926 scriptis
900 840 1006 928 inquit
1026 835 1115 905 ‘bunc
1140 840 1263 907 Galim
1283 845 1364 905 tinet

311 973 338 1025 et
359 953 568 1025 Brimnncae'.
617 961 671 1023 sed
697 958 744 1023 sic
770 969 869 1023 maten
897 969 930 1023 ut
955 963 1029 1022 inter
1057 960 1179 1022 uerbum
1206 952 1308 1023 ‘timet’
1336 970 1363 1021 et

311 1077 350 1143 id
369 1078 453 1164 quod
472 1083 603 1165 sequitur
618 1076 759 1161 paullum
780 1077 857 1161 quid
877 1076 960 1140 desit
1004 1075 1093 1141 cuius
1115 1074 1218 1139 nuntii
1238 1077 1361 1141 ueritas

310 1194 511 1282 interpolatis
543 1192 632 1258 libris
670 1191 852 1257 confirmari
885 1191 1034 1273 uidetur,
1066 1214 1204 1279 quorum
1233 1191 1361 1259 scribac

310 1314 448 1400 spatium
469 1311 547 1377 illud
568 1309 674 1397 ipsum
696 1310 885 1375 commentis
899 1309 964 1402 suis
982 1308 1201 1396 expleucruut
1229 1346 1263 1357 -
1288 1332 1360 1376 uer·

311 1453 381 1496 sum
409 1429 602 1515 uigesimum
631 1427 677 1493 ita
703 1438 739 1493 ut
768 1426 836 1492 dixi
866 1428 929 1492 iam
958 1426 1078 1491 dudum
1099 1426 1359 1509 emcndaueram,

311 1569 383 1612 cum
403 1570 455 1611 me
476 1568 541 1611 non
561 1544 698 1633 primum
719 1544 806 1610 illam
828 1543 1085 1610 emendationem
1102 1543 1266 1610 inuenisse
1282 1568 1360 1611 casu

309 1664 449 1751 quodam
470 1685 710 1749 cognoscerem.
754 1684 795 1727 ex
816 1662 922 1728 Iahnii
944 1660 1028 1726 enim
1047 1660 1209 1727 annalium
1232 1682 1280 1728 Lx
1295 1663 1359 1729 329

311 1792 342 1845 ct
364 1790 476 1867 postea
496 1802 536 1845 ex
558 1780 713 1845 Pleitneri
733 1779 841 1845 libello
868 1778 908 1843 dc
930 1777 1050 1845 Catulli
1071 1778 1105 1843 in
1127 1778 1305 1861 Gaesarem
1327 1790 1361 1847 ct

309 1898 506 1963 Mamurram
528 1897 721 1963 carminibus
747 1895 880 1984 (Spirae
903 1896 998 1981 1849)
1020 1920 1051 1984 p.
1075 1898 1095 1959 3
1116 1896 1360 1964 Froehlichium

311 2017 358 2099 (in
385 2025 475 2079 nunt.
502 2014 618 2080 crudit.
648 2015 775 2081 Monac.
798 2015 879 2080 1846
907 2038 956 2080 nr.
983 2014 1160 2097 131-133)
1188 2014 1254 2080 ism
1286 2038 1360 2082 eam

310 2154 482 2220 occupasse
502 2131 569 2198 uidi
591 2154 598 2195 :
621 2154 685 2220 qua
703 2154 738 2195 re
755 2131 995 2213 emendationis,
1017 2140 1151 2218 utpote
1173 2154 1272 2219 quam
1293 2133 1359 2198 duo

308 2249 451 2317 homines
479 2251 560 2315 alter
586 2248 717 2315 alterius
745 2249 870 2314 nescius
899 2250 1115 2337 reppererint,
1144 2250 1360 2335 probabilitas
1407 2307 1411 2315 .

308 2368 403 2434 ualde
425 2376 572 2453 augetur.
611 2378 718 2432 tamen
738 2389 776 2431 ea
797 2366 981 2432 adcuratius
997 2367 1186 2454 explicanda
1200 2376 1235 2431 et
1250 2366 1360 2433 defen-

309 2486 413 2551 denda
440 2483 650 2573 supersedere
677 2484 785 2567 nolui,
813 2506 886 2549 cum
916 2506 987 2550 eam
1009 2507 1072 2572 quo
1095 2484 1191 2549 modo
1212 2485 1358 2552 Froebli·

310 2605 399 2669 chius
428 2602 614 2689 probauerit
639 2601 784 2687 ignorem
805 2623 812 2664 :
835 2604 1134 2668 commentationem
1164 2604 1249 2668 enim
1272 2603 1359 2669 illius

309 2719 396 2785 illam
417 2720 506 2785 adire
534 2719 611 2784 mihi
638 2742 702 2783 non
731 2719 831 2784 licuit.
875 2719 924 2784 his
954 2721 1085 2786 tandem
1113 2719 1211 2787 finitis
1243 2743 1358 2788 uersus

308 2837 378 2903 illos
406 2859 469 2925 quo
496 2836 591 2902 modo
612 2835 805 2902 ordinandos
828 2848 861 2902 et
880 2836 1065 2903 scribendos
1086 2849 1238 2924 putamus
1261 2839 1359 2926 adpo-

309 2976 387 3020 nere
408 2954 542 3041 placet:

459 3070 595 3136 Oinuede
616 3070 754 3149 Romule,
775 3076 851 3137 toec
870 3072 991 3137 uidebis
1013 3085 1039 3137 et
1058 3071 1170 3155 feres?

391 3211 418 3254 ro
460 3211 490 3252 es
511 3189 685 3272 inpudicus
707 3201 735 3253 et
755 3213 858 3254 ueram
879 3202 907 3253 et
928 3193 1003 3254 cleo.

388 3328 416 3372 aa
458 3330 527 3370 eone
546 3310 668 3371 nomine
688 3308 778 3388 orbis,
800 3330 818 3371 o
838 3308 998 3392 piissimei

459 3447 542 3486 socer
560 3445 721 3510 penuque,
741 3423 930 3507 perdidistis
950 3428 1059 3506 omnic,

391 3563 415 3606 11
459 3564 528 3605 eone
549 3547 674 3623 nomine,
697 3543 856 3627 inperator
876 3543 978 3624 unice,

457 3657 551 3741 fuisti
570 3658 604 3722 in
626 3659 732 3723 ultimo
752 3659 917 3723 occidentis
937 3661 1034 3723 insula

458 3787 492 3839 ut
511 3775 571 3838 ista
593 3787 694 3848 uestra
716 3774 858 3858 defututa
880 3777 1006 3839 menmlu

459 3889 614 3954 ducenties
634 3903 775 3956 comesset
796 3902 849 3955 aut
869 3893 1052 3956 trecenties?

392 4029 419 4073 rs
460 4007 539 4093 quid
559 4019 600 4072 est
619 4009 692 4073 alid
711 4010 840 4074 sinistra
862 4010 1058 4074 liberalitas?

456 4147 565 4208 parum
586 4127 767 4210 erpatrauit
786 4151 829 4192 an
849 4150 963 4212 parum
985 4127 1116 4192 elluatus
1139 4133 1211 4194 est?

338 4282 347 4299 ε
454 4253 586 4327 pateam
603 4244 711 4328 pruina
732 4244 892 4310 lancinata
911 4257 978 4310 sunt
1001 4246 1110 4309 bono:
