3342 5200
111 3259 113 3294 l

111 3695 113 3772 l

688 1970 710 2052 I

261 2194 428 2262 Onrvuur
469 2194 586 2261 librum
628 2195 683 2284 qui
719 2195 813 2261 hodie
853 2195 916 2260 sibi
950 2194 1228 2283 interpretandum

176 2313 361 2400 sumpserit,
384 2334 457 2376 eum
474 2311 694 2377 difficillimam
716 2334 783 2378 rem
805 2312 985 2399 suscepisse
998 2334 1093 2377 nemo
1108 2332 1230 2398 negare

175 2439 295 2517 potest.
339 2429 455 2495 etenim
470 2430 674 2516 grammatici
689 2428 841 2518 temporis
856 2438 889 2495 et
902 2429 1005 2494 nostri
1027 2438 1060 2495 et
1080 2428 1228 2517 proxime

175 2545 344 2635 praeteriti
366 2548 461 2614 etiam
484 2548 510 2614 si
532 2545 641 2612 multis
656 2546 725 2614 aliis
741 2547 931 2614 Latinorum
951 2546 1055 2635 poetis
1077 2567 1228 2613 enmon-

177 2664 229 2730 dis
256 2687 387 2752 operam
409 2675 573 2732 strenuam
596 2673 629 2731 et
650 2665 846 2730 laudabilem
867 2675 1090 2748 nansuernnt,
1119 2662 1227 2731 Catul-

176 2783 244 2847 lum
272 2791 382 2848 tamen
412 2792 468 2848 sut
497 2782 627 2848 omnino
650 2803 715 2847 non
737 2792 793 2848 aut
814 2804 929 2870 parum
952 2804 1065 2848 curare
1085 2781 1225 2848 noluere.

178 2899 254 2963 olim
286 2897 414 2986 quidem
444 2901 620 2966 multorum
650 2900 814 2966 hominum
844 2921 1021 2986 eorumque
1049 2898 1226 2964 sollertium

177 3016 311 3102 ingenia
327 3014 446 3082 Catulli
462 3017 635 3082 exercebat
649 3015 879 3104 interpretatio
899 3041 907 3083 ε
930 3017 1009 3104 quin
1023 3015 1107 3082 inter
1121 3037 1226 3103 gram·

172 3132 369 3210 ,meticorum
402 3131 562 3221 principes
594 3134 725 3199 fuerunt
756 3135 811 3220 qui
844 3144 975 3221 poetam
1006 3133 1226 3199 Veronensem

177 3249 416 3314 commentariis
437 3248 663 3330 inlustrarent‚
696 3271 714 3314 e
740 3273 877 3338 quornm
902 3270 1038 3314 numero
1066 3256 1099 3315 et
1126 3249 1228 3316 Anto-

177 3366 265 3430 nium
281 3365 443 3432 Muretum
466 3376 498 3431 et
515 3366 678 3432 Achillem
693 3367 832 3434 Statium
856 3377 889 3433 et
909 3366 1058 3433 Isaaeum
1072 3366 1226 3433 Vossium
1239 3355 1253 3379 ⁴

177 3495 210 3548 et
231 3482 406 3569 Iosephum
429 3482 645 3570 Scaligerum,
668 3485 810 3549 omnium
831 3484 1013 3572 principum
1035 3484 1226 3572 principem,

175 3600 308 3665 honoris
335 3622 447 3666 caussa
480 3599 620 3666 nomino.
662 3600 719 3666 aed
744 3611 859 3688 postea
879 3601 961 3666 haec
982 3601 1088 3668 studia
1109 3603 1226 3666 misere

174 3717 445 3802 languescebant,
473 3718 565 3782 cuius
593 3715 640 3782 rei
673 3717 892 3784 enarrationes
925 3727 957 3783 et
985 3718 1121 3784 Antonii
1149 3717 1227 3784 Vul-

174 3834 221 3921 pii
252 3855 336 3898 anno
368 3849 558 3894 unoexxxvn
590 3843 622 3900 et
655 3833 810 3902 Friderici
850 3833 1018 3901 Guilielmi
1054 3834 1225 3923 Doeringii

111 3963 113 3980 '
176 3950 269 4014 annis
299 3969 523 4012 nnecnxxxvm
552 3973 590 4016 ac
622 3971 832 4014 unecnxxxxn
864 3952 991 4037 editae,
1021 3963 1096 4040 post
1130 3975 1226 4041 quem

175 4064 340 4134 Catullum
359 4075 463 4132 totum
482 4089 576 4137 nemo
599 4069 786 4157 explicauit,
812 4069 873 4134 etsi
895 4070 986 4136 multi
1009 4069 1170 4157 explicare
1191 4069 1225 4135 in

111 4249 112 4252 ,
175 4184 282 4250 animo
303 4184 455 4266 habuere,
478 4185 641 4251 luculento
663 4194 738 4251 sunt
759 4187 965 4252 documento.
1007 4209 1120 4253 uerum
1137 4187 1221 4252 enim

1004 4290 1020 4350 l
