3342 5200
623 642 831 697 monumen
1240 652 1256 699 t

203 822 304 900 etque
335 812 370 876 ln
400 812 512 899 primia
541 811 575 876 in
604 809 725 875 codicis
755 811 875 877 Datani
904 810 984 877 locis
1012 814 1157 881 obscuris
1185 828 1256 883 arte

202 928 334 1015 legendi
354 927 565 993 inlustrandis
586 926 681 991 ualde
702 927 893 993 adcuratum
921 927 1021 994 fuisse
1041 952 1148 1019 neque
1169 935 1256 1021 quio

203 1067 299 1131 qnam
322 1044 384 1109 nisi
405 1044 610 1131 spicilegium
632 1053 667 1109 ut
689 1044 780 1109 siunt
800 1066 937 1131 paruum
957 1045 1137 1133 reliquisse,
1160 1051 1257 1138 quale

203 1164 299 1226 etiam
315 1161 527 1227 intentissima
542 1160 710 1247 diligentia
724 1163 757 1227 iu
772 1164 870 1227 rebus
885 1164 1034 1229 humanis
1055 1166 1255 1254 subseqnen-

203 1278 283 1341 tium
305 1279 483 1343 industriae
503 1278 687 1365 relinquere
708 1278 790 1345 solet
811 1301 819 1343 ε
841 1280 901 1345 hoo
922 1290 1031 1345 tamen
1051 1281 1254 1369 spicilegium

203 1396 243 1459 ad
265 1394 336 1481 ipsa
356 1396 455 1459 uerba
478 1393 661 1460 Catulliana
687 1396 889 1461 emendanda
916 1418 1050 1483 prorsus
1075 1398 1154 1463 nilril
1181 1421 1255 1465 con·

202 1512 289 1575 ferre
311 1510 345 1573 in
365 1532 518 1596 praesens
541 1510 711 1578 adfirmare
732 1522 858 1577 tantum
880 1534 1022 1599 possum,
1043 1513 1099 1579 aed
1126 1514 1153 1579 si
1174 1514 1253 1581 illud

202 1627 234 1689 in
268 1626 434 1691 uolumine
464 1628 566 1692 altero
597 1627 748 1711 edidero,
780 1628 864 1695 ultro
900 1630 1039 1717 quiaque
1072 1630 1253 1719 perspiciet.

203 1766 289 1831 quae
324 1764 396 1807 cum
429 1744 534 1809 scribo
564 1745 749 1830 longissime
777 1748 890 1811 absum
923 1757 960 1812 ut
990 1768 1011 1811 a
1040 1747 1253 1815 Lachmanno

202 1858 460 1926 emendationem
481 1861 659 1927 carminum
676 1862 796 1928 Catulli
819 1875 1072 1929 consummatam
1093 1886 1164 1929 esse
1186 1888 1253 1931 cre·

201 1977 286 2042 dam.
343 1986 378 2041 at
412 1977 639 2043 Lachmannna
674 1980 828 2044 librorum
865 1978 1119 2049 Catullisuorum
1154 2006 1252 2049 manu

199 2094 393 2179 scripturum
445 2104 562 2161 natura
611 2095 782 2183 indoleqne
827 2106 922 2162 acute
964 2110 1137 2185 perspecta
1177 2124 1251 2166 cnm

200 2210 267 2274 fide
299 2209 414 2295 dignos
443 2233 462 2274 a
490 2210 658 2277 fallacibus
687 2222 891 2297 segregasset
919 2222 953 2279 et
976 2212 1104 2280 illorum
1126 2238 1188 2303 ope
1209 2218 1249 2281 ad

199 2327 368 2413 exemplar
388 2326 466 2392 illud
484 2328 738 2413 antiquissimum
756 2328 953 2409 Veronense,
970 2330 1056 2395 unde
1079 2332 1139 2395 snb
1154 2334 1250 2397 tinem

199 2442 320 2508 saeculi
343 2444 446 2528 quarti
469 2442 583 2508 decimi
608 2445 750 2509 carmina
772 2442 894 2511 Oatulli
913 2443 947 2511 iu
968 2446 1032 2511 alia
1053 2449 1251 2535 exemplaria

199 2558 337 2625 describi
371 2570 485 2647 coepta
518 2570 592 2626 sunt
623 2560 677 2644 (ef.
705 2560 949 2627 Lachmannum
981 2561 1023 2628 ad
1061 2562 1249 2631 Lucretium

199 2702 230 2764 p.
252 2679 341 2762 246),
362 2677 457 2742 hodie
478 2678 628 2743 amissum
651 2677 750 2742 uerba
766 2677 887 2745 Catulli
902 2701 1000 2767 quam
1016 2680 1163 2766 proxime
1178 2682 1248 2748 tisri

198 2796 304 2880 putuit
327 2794 514 2881 redegisset,
537 2793 699 2861 Catullum
716 2795 816 2860 edidit
837 2795 1005 2882 permultis
1019 2795 1148 2882 quidem
1169 2797 1249 2864 locis

198 2913 389 2976 mendosum
417 2912 472 2976 sed
503 2913 555 2976 cni
583 2935 624 2976 ea
646 2913 790 2977 codicum
813 2913 991 2978 recentium
1013 2913 1249 2980 conlationibus

197 3028 255 3093 nix
277 3027 343 3092 ulla
364 3028 397 3091 in
416 3027 514 3092 rebus
533 3028 738 3114 grauioribus
756 3021 924 3110 medicine,
945 3030 1122 3096 maximnm
1136 3043 1249 3098 contra

198 3155 231 3210 et
250 3147 322 3209 tere
342 3145 471 3209 unicum
500 3145 654 3210 auxilium
683 3165 724 3209 ex
745 3148 1029 3231 grammaticorum
1053 3158 1123 3214 arte
1144 3170 1248 3214 emen·

197 3261 295 3326 dandi
326 3261 432 3326 sobrie
460 3270 493 3325 et
521 3261 649 3343 subtili,
682 3283 746 3348 qun
776 3263 846 3349 ipae
872 3263 1099 3329 Lachmannua
1130 3265 1248 3332 multos

199 3378 290 3443 locos
323 3377 457 3464 egregie·
492 3376 647 3458 restituit,
688 3380 856 3465 expectari
887 3379 1001 3466 possit.
1061 3401 1145 3467 quae
1174 3403 1248 3448 cum

196 3494 243 3560 ita
266 3493 347 3576 sint,
370 3493 464 3557 etiarn
488 3493 514 3558 si
535 3493 635 3558 multa
650 3493 780 3580 singula
801 3495 1028 3562 commutanda
1044 3506 1129 3580 snut,
1151 3497 1247 3564 etiam

197 3611 224 3674 si
258 3609 302 3674 de
329 3610 484 3675 librorum
516 3610 652 3676 dnornm
682 3610 798 3698 quibus
825 3613 860 3678 in
889 3611 1017 3680 Ostullo
1048 3615 1247 3680 recensendo

195 3727 427 3792 Lachmannns
449 3727 622 3816 praecipue
643 3749 720 3793 usus
741 3739 790 3794 est
811 3731 1003 3796 anctoritate
1022 3732 1131 3817 paullo
1154 3732 1247 3800 aliter

196 3854 295 3932 atque
317 3842 545 3909 Lachmaunus
566 3845 643 3910 fecit
664 3843 870 3910 indicandum
892 3855 926 3911 et
948 3846 1052 3934 primo
1073 3848 1144 3912 loco
1167 3847 1247 3913 liber

196 3959 488 4047 Sangerrnenensis
516 3983 600 4026 anno
621 3985 785 4030 noconxxv
807 3961 959 4049 scriptus,
989 3985 1055 4050 quo
1084 3965 1247 4051 antiquior

193 4095 260 4140 non
289 4077 368 4142 dnm
395 4088 542 4162 repertus
572 4087 637 4160 est,
670 4088 799 4165 praeter
827 4090 953 4144 ceteros
974 4079 1074 4146 libros
1095 4079 1246 4168 religiose

193 4191 418 4280 respiciendus
445 4206 511 4278 est,
541 4194 639 4260 nihilo
672 4205 781 4262 tamen
811 4195 919 4264 minua
949 4197 1149 4265 Lachmanni
1182 4199 1245 4263 edi·
