3342 5200
394 689 445 742 ub
693 689 771 742 Xffll
805 689 855 743 DE
871 689 1028 742 ΟΔΒΙΜ
1044 689 1144 742 nxvu

392 851 555 942 displicet,
577 853 629 921 uel
650 875 689 920 eo
711 853 797 944 quod
820 855 954 922 Larium
974 854 1097 936 lacum,
1121 853 1280 942 adquam
1303 853 1445 922 Comum

392 969 488 1036 situm
510 979 578 1054 est,
600 971 649 1038 bie
671 972 820 1040 uersibus
841 971 1010 1059 intellegit
1053 969 1161 1059 quid?
1182 972 1332 1036 lacumue
1353 971 1446 1038 illurn

392 1087 653 1154 sincerissimum
670 1085 816 1156 Catullus
834 1087 1021 1174 designaret
1040 1087 1159 1153 talibus
1179 1086 1289 1152 uerbis
1309 1088 1376 1169 (10.
1395 1088 1445 1152 ll.

393 1205 436 1271 ci.
458 1202 555 1270 etiam
574 1205 606 1268 4.
626 1203 683 1286 25)

540 1343 647 1386 wem
668 1325 753 1386 tecue
772 1332 804 1384 at
824 1321 912 1386 loeas
929 1321 1118 1408 pedesque
1131 1321 1254 1407 plodio

540 1437 729 1504 limilirsrim
749 1441 941 1524 armoque
960 1449 1004 1502 est
1022 1436 1187 1523 profundo
1208 1434 1351 1525 uorago?

392 1552 464 1642 quis
492 1554 623 1642 insuper
650 1553 762 1619 credat
787 1553 874 1620 lacui
894 1553 1010 1636 Lario,
1031 1576 1127 1641 quem
1153 1552 1317 1640 Vergilius
1335 1554 1444 1640 (geor-

391 1670 488 1758 gicon
524 1693 543 1736 n
577 1671 652 1755 159)
681 1663 878 1736 ‘maximum’
911 1671 1043 1736 uocauit
1070 1672 1127 1754 (cf.
1157 1667 1278 1766 Strabo
1307 1693 1350 1735 uu
1381 1669 1444 1735 192

390 1807 412 1850 v
432 1785 504 1852 209.
526 1785 603 1870 213)
615 1835 624 1868 ‚
651 1796 768 1875 pontes
795 1809 950 1877 umquam
978 1786 1133 1875 inpositos
1161 1785 1289 1852 fuisse?
1331 1786 1444 1872 itaque

391 1904 417 1970 ai
444 1925 486 1970 ex
508 1903 775 1992 explicationibus
797 1905 838 1971 ad
859 1905 921 1971 boc
940 1914 1067 1992 tempus
1087 1903 1262 1992 propositis
1290 1901 1444 1989 eligenda

391 2029 441 2086 est
472 2042 569 2110 quam
594 2022 739 2108 probem,
774 2021 893 2087 Mureti
920 2021 1165 2087 difficultatibus
1192 2019 1341 2084 laborare
1363 2018 1445 2084 mibi

392 2137 522 2204 uidetur
541 2137 697 2217 minimis,
720 2137 795 2204 dum
818 2137 917 2202 modo
938 2135 1105 2204 Coloniam
1127 2137 1214 2202 illam
1234 2135 1298 2202 iam
1318 2144 1446 2224 tempo·

390 2253 479 2320 asu.
500 2254 621 2323 catulli
649 2253 810 2320 cenerum
838 2254 936 2318 aaa
963 2224 1177 2318 demonstrari
1199 2251 1311 2340 possa.
1354 2253 1444 2340 quoe

391 2380 427 2436 ut
456 2369 535 2436 nulli
568 2369 762 2438 dubitationi
799 2368 977 2436 obnoxium
1011 2370 1071 2452 sit,
1102 2370 1250 2436 conicere
1281 2370 1444 2457 possimus

390 2485 581 2568 Coloniam,
626 2487 780 2575 oppidum
813 2486 964 2554 Veronae
1000 2485 1161 2569 uicinum,
1196 2487 1257 2552 sub
1293 2484 1444 2552 adminis-

390 2604 530 2671 tratione
558 2613 591 2670 et
619 2604 746 2692 legibus
773 2605 874 2693 ipsius
894 2603 1047 2670 Veronae
1078 2604 1178 2669 fuisse
1208 2613 1243 2670 et
1270 2612 1445 2691 propterea

390 2720 554 2789 Catullum
568 2721 707 2789 incolam
721 2721 810 2787 illum
828 2720 983 2788 Coloniae
1003 2716 1107 2787 ‘snum
1121 2714 1327 2808 municipem'
1340 2721 1443 2786 nomi·

388 2860 467 2905 nare
488 2838 631 2926 potuisse
652 2837 708 2923 (cf.
731 2838 868 2905 Reiuius
888 2839 922 2904 in
943 2837 1048 2904 Paulii
1070 2839 1195 2925 encycl.
1217 2860 1239 2901 v
1260 2837 1332 2902 226.
1353 2836 1444 2923 227).

472 2955 585 3041 Pergit
614 2953 789 3042 disputatio
818 2954 860 3019 ad
883 2976 1014 3020 carmen
1035 2974 1136 3038 cxvii,
1159 2955 1247 3042 quod
1268 2954 1443 3021 Turnebus

390 3070 569 3154 (adnomen.
596 3093 652 3136 xvi
683 3072 715 3155 1)
747 3092 850 3159 aeque
882 3094 921 3136 ac
949 3070 1060 3136 folium
1089 3071 1236 3159 Sibyllae
1268 3071 1444 3137 obscurum

389 3197 423 3254 et
464 3186 702 3256 tenebricosum
736 3211 801 3255 non
844 3188 963 3255 iniuria
1005 3188 1194 3254 nominauit.
1250 3198 1360 3254 tamen
1388 3210 1443 3254 ox-

388 3304 486 3393 periri
521 3328 581 3372 nos
617 3314 744 3393 oportet
786 3328 863 3371 uum
898 3305 1041 3371 fabulam
1083 3305 1235 3370 carminis
1276 3304 1442 3391 explicare

390 3424 561 3510 contingat
581 3443 589 3486 t
610 3444 675 3509 qua
695 3444 760 3489 uon
781 3431 951 3510 perspecta
979 3444 1110 3488 carmen
1137 3421 1282 3507 intellegi
1309 3444 1443 3508 prorsus

388 3562 453 3605 non
472 3549 590 3628 potest.
633 3562 717 3627 quae
745 3560 798 3604 res
827 3562 900 3605 cum
929 3540 972 3605 sit
999 3537 1189 3604 difficillima
1210 3538 1259 3623 (id
1280 3538 1369 3627 quod
1388 3538 1444 3605 uel

389 3655 624 3743 discrepantiae
657 3654 888 3721 sententiarum
927 3658 1214 3743 grammaticorum
1255 3656 1443 3739 testantur),

389 3794 449 3839 uos
470 3792 535 3836 nou
563 3771 596 3837 id
618 3771 745 3859 agimur
773 3781 809 3837 ut
834 3775 985 3841 tenebras
1015 3794 1127 3837 omnes
1156 3772 1274 3838 uostris
1301 3772 1443 3860 explica·

388 3888 529 3953 tionibus
558 3888 779 3977 disponamus,
808 3887 866 3953 aed
895 3899 1023 3955 utnon
1050 3889 1156 3955 nullos
1178 3889 1292 3954 saltem
1314 3912 1442 3956 errores

389 4024 471 4090 quos
493 4002 686 4091 interpretes
709 4006 891 4093 superiores
912 4027 977 4072 non
1000 4007 1164 4072 euitarunt
1184 4006 1330 4092 effugere
1347 4028 1443 4073 cone

389 4141 471 4187 mur.
515 4142 567 4186 res
596 4122 697 4208 igitur
725 4144 807 4212 quas
829 4124 863 4189 in
885 4124 1029 4189 carmine
1049 4142 1139 4191 vau
1161 4121 1309 4190 Catullus
1329 4124 1445 4212 tetigit

388 4238 492 4326 magis
514 4260 611 4326 quam
632 4239 778 4306 cenauit
798 4240 846 4305 sic
865 4240 935 4306 iere
955 4264 990 4307 se
1011 4239 1160 4305 babuisse
1182 4242 1375 4328 putauerim.
