<?xml version="1.0" encoding="UTF-8"?>
<!DOCTYPE html PUBLIC "-//W3C//DTD XHTML 1.0 Transitional//EN"
    "http://www.w3.org/TR/xhtml1/DTD/xhtml1-transitional.dtd">
<html xmlns="http://www.w3.org/1999/xhtml" xml:lang="en" lang="en">
 <head>
  <title>
</title>
<meta http-equiv="Content-Type" content="text/html;charset=utf-8" />
  <meta name='ocr-system' content='tesseract 3.04.00' />
  <meta name='ocr-capabilities' content='ocr_page ocr_carea ocr_par ocr_line ocrx_word'/>
</head>
<body>
  <div class='ocr_page' id='page_1' title='image "./gvalericatvllil01catugoog_0206.png"; bbox 0 0 3342 5200; ppageno 0'>
   <div class='ocr_carea' id='block_1_1' title="bbox 446 652 1297 715">
    <p class='ocr_par' dir='ltr' id='par_1_1' title="bbox 446 652 1297 715">
     <span class='ocr_line' id='line_1_1' title="bbox 446 652 1297 715; baseline 0.002 -10"><span class='ocrx_word' id='word_1_1' title='bbox 446 658 495 706; x_wconf 77' lang='lat'>212</span> <span class='ocrx_word' id='word_1_2' title='bbox 643 654 720 706; x_wconf 87' lang='lat' dir='ltr'>VIIII</span> <span class='ocrx_word' id='word_1_3' title='bbox 755 655 802 715; x_wconf 81' lang='lat' dir='ltr'>DE</span> <span class='ocrx_word' id='word_1_4' title='bbox 821 653 981 707; x_wconf 76' lang='lat' dir='ltr'>CAESARE</span> <span class='ocrx_word' id='word_1_5' title='bbox 998 654 1045 705; x_wconf 78' lang='grc' dir='ltr'>ΕΤ</span> <span class='ocrx_word' id='word_1_6' title='bbox 1065 652 1297 708; x_wconf 68' lang='lat' dir='ltr'>causaturus</span> 
     </span>
    </p>
   </div>
   <div class='ocr_carea' id='block_1_2' title="bbox 444 819 1494 1025">
    <p class='ocr_par' dir='ltr' id='par_1_2' title="bbox 444 819 1494 1025">
     <span class='ocr_line' id='line_1_2' title="bbox 444 819 1493 908; baseline 0 -23"><span class='ocrx_word' id='word_1_7' title='bbox 444 820 613 908; x_wconf 82' lang='lat' dir='ltr'><strong>proposuit</strong></span> <span class='ocrx_word' id='word_1_8' title='bbox 633 823 675 887; x_wconf 89' lang='lat' dir='ltr'>ab</span> <span class='ocrx_word' id='word_1_9' title='bbox 692 820 838 908; x_wconf 91' lang='lat' dir='ltr'>Hauptio</span> <span class='ocrx_word' id='word_1_10' title='bbox 860 831 893 886; x_wconf 91' lang='lat' dir='ltr'>et</span> <span class='ocrx_word' id='word_1_11' title='bbox 908 820 1031 907; x_wconf 90' lang='lat' dir='ltr'>Heysio</span> <span class='ocrx_word' id='word_1_12' title='bbox 1047 819 1257 907; x_wconf 81' lang='lat' dir='ltr'>adprobatam</span> <span class='ocrx_word' id='word_1_13' title='bbox 1273 830 1307 885; x_wconf 90' lang='lat' dir='ltr'>et</span> <span class='ocrx_word' id='word_1_14' title='bbox 1322 830 1493 908; x_wconf 77' lang='lat' dir='ltr'><strong>receptam.</strong></span> 
     </span>
     <span class='ocr_line' id='line_1_3' title="bbox 445 935 1494 1025; baseline 0.001 -23"><span class='ocrx_word' id='word_1_15' title='bbox 445 961 509 1025; x_wconf 91' lang='lat' dir='ltr'>qua</span> <span class='ocrx_word' id='word_1_16' title='bbox 537 937 761 1003; x_wconf 78' lang='lat' dir='ltr'>emendatione</span> <span class='ocrx_word' id='word_1_17' title='bbox 790 935 842 1002; x_wconf 90' lang='lat' dir='ltr'>uir</span> <span class='ocrx_word' id='word_1_18' title='bbox 870 938 1065 1003; x_wconf 85' lang='lat' dir='ltr'>clarissimus</span> <span class='ocrx_word' id='word_1_19' title='bbox 1093 936 1250 1023; x_wconf 87' lang='lat' dir='ltr'>adgnouit</span> <span class='ocrx_word' id='word_1_20' title='bbox 1273 945 1308 1001; x_wconf 88' lang='lat' dir='ltr'>et</span> <span class='ocrx_word' id='word_1_21' title='bbox 1341 936 1494 1003; x_wconf 76' lang='lat' dir='ltr'>concessit</span> 
     </span>
    </p>
   </div>
   <div class='ocr_carea' id='block_1_3' title="bbox 443 1052 1493 1146">
    <p class='ocr_par' dir='ltr' id='par_1_3' title="bbox 443 1052 1493 1146">
     <span class='ocr_line' id='line_1_4' title="bbox 443 1052 1493 1146; baseline -0.001 -26"><span class='ocrx_word' id='word_1_22' title='bbox 443 1065 572 1141; x_wconf 90' lang='lat' dir='ltr'>poetam</span> <span class='ocrx_word' id='word_1_23' title='bbox 590 1077 655 1120; x_wconf 93' lang='lat' dir='ltr'>non</span> <span class='ocrx_word' id='word_1_24' title='bbox 673 1064 739 1120; x_wconf 85' lang='lat' dir='ltr'>tam</span> <span class='ocrx_word' id='word_1_25' title='bbox 756 1054 790 1117; x_wconf 94' lang='lat' dir='ltr'>in</span> <span class='ocrx_word' id='word_1_26' title='bbox 808 1054 994 1120; x_wconf 91' lang='lat' dir='ltr'>uniuersum</span> <span class='ocrx_word' id='word_1_27' title='bbox 1009 1054 1049 1119; x_wconf 92' lang='lat' dir='ltr'>de</span> <span class='ocrx_word' id='word_1_28' title='bbox 1063 1052 1227 1146; x_wconf 86' lang='lat' dir='ltr'>adulteriis</span> <span class='ocrx_word' id='word_1_29' title='bbox 1241 1053 1337 1119; x_wconf 91' lang='lat' dir='ltr'>breui</span> <span class='ocrx_word' id='word_1_30' title='bbox 1352 1065 1493 1141; x_wconf 86' lang='lat' dir='ltr'>ternpore</span> 
     </span>
    </p>
   </div>
   <div class='ocr_carea' id='block_1_4' title="bbox 443 1169 1494 1607">
    <p class='ocr_par' dir='ltr' id='par_1_4' title="bbox 443 1169 1494 1607">
     <span class='ocr_line' id='line_1_5' title="bbox 443 1169 1493 1258; baseline 0.001 -23"><span class='ocrx_word' id='word_1_31' title='bbox 443 1170 561 1235; x_wconf 90' lang='lat' dir='ltr'>mirum</span> <span class='ocrx_word' id='word_1_32' title='bbox 582 1179 739 1258; x_wconf 90' lang='lat' dir='ltr'>quantum</span> <span class='ocrx_word' id='word_1_33' title='bbox 761 1192 895 1236; x_wconf 91' lang='lat' dir='ltr'>numero</span> <span class='ocrx_word' id='word_1_34' title='bbox 917 1169 1020 1235; x_wconf 89' lang='lat' dir='ltr'>auctis</span> <span class='ocrx_word' id='word_1_35' title='bbox 1042 1169 1130 1256; x_wconf 93' lang='lat' dir='ltr'>loqui</span> <span class='ocrx_word' id='word_1_36' title='bbox 1144 1191 1243 1255; x_wconf 87' lang='lat' dir='ltr'>quam</span> <span class='ocrx_word' id='word_1_37' title='bbox 1260 1179 1385 1235; x_wconf 85' lang='lat' dir='ltr'>certam</span> <span class='ocrx_word' id='word_1_38' title='bbox 1401 1192 1493 1257; x_wconf 83' lang='lat' dir='ltr'>qusn-</span> 
     </span>
     <span class='ocr_line' id='line_1_6' title="bbox 444 1286 1494 1373; baseline -0.001 -21"><span class='ocrx_word' id='word_1_39' title='bbox 444 1288 517 1353; x_wconf 90' lang='lat' dir='ltr'>dam</span> <span class='ocrx_word' id='word_1_40' title='bbox 539 1286 693 1351; x_wconf 87' lang='lat' dir='ltr'>feminam</span> <span class='ocrx_word' id='word_1_41' title='bbox 715 1298 903 1373; x_wconf 87' lang='lat' dir='ltr'>certumque</span> <span class='ocrx_word' id='word_1_42' title='bbox 923 1309 983 1373; x_wconf 89' lang='lat' dir='ltr'>par</span> <span class='ocrx_word' id='word_1_43' title='bbox 997 1286 1213 1353; x_wconf 82' lang='lat' dir='ltr'>adulterorum</span> <span class='ocrx_word' id='word_1_44' title='bbox 1229 1286 1263 1349; x_wconf 95' lang='lat' dir='ltr'>in</span> <span class='ocrx_word' id='word_1_45' title='bbox 1275 1286 1342 1351; x_wconf 89' lang='lat' dir='ltr'>hoc</span> <span class='ocrx_word' id='word_1_46' title='bbox 1356 1286 1494 1352; x_wconf 89' lang='lat' dir='ltr'>carmine</span> 
     </span>
     <span class='ocr_line' id='line_1_7' title="bbox 444 1402 1494 1491; baseline 0 -22"><span class='ocrx_word' id='word_1_47' title='bbox 444 1404 606 1470; x_wconf 90' lang='lat' dir='ltr'>cauillari:</span> <span class='ocrx_word' id='word_1_48' title='bbox 622 1402 655 1468; x_wconf 92' lang='lat' dir='ltr'>id</span> <span class='ocrx_word' id='word_1_49' title='bbox 667 1402 753 1489; x_wconf 86' lang='lat' dir='ltr'>quod</span> <span class='ocrx_word' id='word_1_50' title='bbox 764 1402 885 1471; x_wconf 83' lang='lat' dir='ltr'>Catulli</span> <span class='ocrx_word' id='word_1_51' title='bbox 899 1402 1031 1491; x_wconf 87' lang='lat' dir='ltr'>ingenio</span> <span class='ocrx_word' id='word_1_52' title='bbox 1039 1414 1136 1491; x_wconf 90' lang='lat' dir='ltr'>atque</span> <span class='ocrx_word' id='word_1_53' title='bbox 1150 1402 1379 1468; x_wconf 89' lang='lat' dir='ltr'>consuetudini</span> <span class='ocrx_word' id='word_1_54' title='bbox 1396 1427 1416 1469; x_wconf 89' lang='lat' dir='ltr'>a</span> <span class='ocrx_word' id='word_1_55' title='bbox 1430 1426 1494 1469; x_wconf 87' lang='lat' dir='ltr'>sen</span> 
     </span>
     <span class='ocr_line' id='line_1_8' title="bbox 443 1518 1492 1607; baseline -0.001 -21"><span class='ocrx_word' id='word_1_56' title='bbox 443 1520 552 1586; x_wconf 91' lang='lat' dir='ltr'>tentiis</span> <span class='ocrx_word' id='word_1_57' title='bbox 575 1519 781 1605; x_wconf 81' lang='lat' dir='ltr'>generalibus</span> <span class='ocrx_word' id='word_1_58' title='bbox 803 1529 835 1585; x_wconf 91' lang='lat' dir='ltr'>et</span> <span class='ocrx_word' id='word_1_59' title='bbox 856 1520 951 1586; x_wconf 95' lang='lat' dir='ltr'>nudis</span> <span class='ocrx_word' id='word_1_60' title='bbox 966 1520 1061 1586; x_wconf 88' lang='lat' dir='ltr'>ualde</span> <span class='ocrx_word' id='word_1_61' title='bbox 1076 1519 1261 1585; x_wconf 84' lang='lat' dir='ltr'>abhorrenti</span> <span class='ocrx_word' id='word_1_62' title='bbox 1277 1518 1374 1584; x_wconf 92' lang='lat' dir='ltr'>unice</span> <span class='ocrx_word' id='word_1_63' title='bbox 1388 1529 1492 1607; x_wconf 86' lang='lat' dir='ltr'>aptum</span> 
     </span>
    </p>
   </div>
   <div class='ocr_carea' id='block_1_5' title="bbox 441 1749 1492 2288">
    <p class='ocr_par' dir='ltr' id='par_1_5' title="bbox 441 1749 1492 2288">
     <span class='ocr_line' id='line_1_9' title="bbox 442 1749 1492 1841; baseline 0.001 -23"><span class='ocrx_word' id='word_1_64' title='bbox 442 1764 556 1841; x_wconf 88' lang='lat' dir='ltr'>poeta,</span> <span class='ocrx_word' id='word_1_65' title='bbox 578 1749 726 1819; x_wconf 81' lang='lat' dir='ltr'>‘adulteri</span> <span class='ocrx_word' id='word_1_66' title='bbox 748 1753 812 1819; x_wconf 92' lang='lat' dir='ltr'>duo</span> <span class='ocrx_word' id='word_1_67' title='bbox 834 1777 908 1819; x_wconf 90' lang='lat' dir='ltr'>cum</span> <span class='ocrx_word' id='word_1_68' title='bbox 929 1752 1080 1819; x_wconf 87' lang='lat' dir='ltr'>Maecilia</span> <span class='ocrx_word' id='word_1_69' title='bbox 1100 1776 1168 1818; x_wconf 90' lang='lat' dir='ltr'>rem</span> <span class='ocrx_word' id='word_1_70' title='bbox 1188 1752 1356 1821; x_wconf 88' lang='lat' dir='ltr'>habebant</span> <span class='ocrx_word' id='word_1_71' title='bbox 1378 1779 1387 1821; x_wconf 71' lang='grc' dir='ltr'><em>τ</em></span> <span class='ocrx_word' id='word_1_72' title='bbox 1407 1752 1492 1839; x_wconf 77' lang='lat' dir='ltr'>flagi·</span> 
     </span>
     <span class='ocr_line' id='line_1_10' title="bbox 442 1868 1490 1957; baseline -0.001 -21"><span class='ocrx_word' id='word_1_73' title='bbox 442 1871 523 1936; x_wconf 90' lang='lat' dir='ltr'>tium</span> <span class='ocrx_word' id='word_1_74' title='bbox 545 1880 594 1936; x_wconf 92' lang='lat' dir='ltr'>sat</span> <span class='ocrx_word' id='word_1_75' title='bbox 616 1893 718 1957; x_wconf 85' lang='lat' dir='ltr'>graue</span> <span class='ocrx_word' id='word_1_76' title='bbox 739 1893 747 1935; x_wconf 75' lang='grc' dir='ltr'><strong>ε</strong></span> <span class='ocrx_word' id='word_1_77' title='bbox 770 1869 826 1935; x_wconf 92' lang='lat' dir='ltr'>sed</span> <span class='ocrx_word' id='word_1_78' title='bbox 848 1868 926 1956; x_wconf 93' lang='lat' dir='ltr'>quid</span> <span class='ocrx_word' id='word_1_79' title='bbox 945 1892 1031 1934; x_wconf 90' lang='lat' dir='ltr'>nunc</span> <span class='ocrx_word' id='word_1_80' title='bbox 1045 1869 1198 1953; x_wconf 86' lang='lat' dir='ltr'>dicamus,</span> <span class='ocrx_word' id='word_1_81' title='bbox 1220 1891 1295 1933; x_wconf 93' lang='lat' dir='ltr'>cum</span> <span class='ocrx_word' id='word_1_82' title='bbox 1309 1891 1379 1935; x_wconf 94' lang='lat' dir='ltr'>non</span> <span class='ocrx_word' id='word_1_83' title='bbox 1394 1870 1490 1935; x_wconf 87' lang='lat' dir='ltr'>solum</span> 
     </span>
     <span class='ocr_line' id='line_1_11' title="bbox 442 1985 1490 2076; baseline -0.002 -23"><span class='ocrx_word' id='word_1_84' title='bbox 442 1988 523 2053; x_wconf 89' lang='lat' dir='ltr'>duos</span> <span class='ocrx_word' id='word_1_85' title='bbox 554 1989 633 2054; x_wconf 89' lang='lat' dir='ltr'>istos</span> <span class='ocrx_word' id='word_1_86' title='bbox 663 1987 720 2053; x_wconf 89' lang='lat' dir='ltr'>sod</span> <span class='ocrx_word' id='word_1_87' title='bbox 751 1997 921 2076; x_wconf 89' lang='lat' dir='ltr'>praeterea</span> <span class='ocrx_word' id='word_1_88' title='bbox 952 1987 1202 2054; x_wconf 86' lang='lat' dir='ltr'>innumerabiles</span> <span class='ocrx_word' id='word_1_89' title='bbox 1233 1985 1315 2052; x_wconf 88' lang='lat' dir='ltr'>alios</span> <span class='ocrx_word' id='word_1_90' title='bbox 1349 2010 1426 2052; x_wconf 90' lang='lat' dir='ltr'>cnm</span> <span class='ocrx_word' id='word_1_91' title='bbox 1457 2008 1490 2051; x_wconf 80' lang='lat' dir='ltr'>ea</span> 
     </span>
     <span class='ocr_line' id='line_1_12' title="bbox 441 2099 1490 2171; baseline -0.003 0"><span class='ocrx_word' id='word_1_92' title='bbox 441 2105 623 2171; x_wconf 88' lang='lat' dir='ltr'>adulterare</span> <span class='ocrx_word' id='word_1_93' title='bbox 646 2099 811 2170; x_wconf 85' lang='lat' dir='ltr'>uidemus’.</span> <span class='ocrx_word' id='word_1_94' title='bbox 855 2105 974 2171; x_wconf 87' lang='lat' dir='ltr'>etenim</span> <span class='ocrx_word' id='word_1_95' title='bbox 995 2106 1075 2171; x_wconf 86' lang='lat' dir='ltr'>haec</span> <span class='ocrx_word' id='word_1_96' title='bbox 1095 2104 1163 2171; x_wconf 87' lang='lat' dir='ltr'>fere</span> <span class='ocrx_word' id='word_1_97' title='bbox 1178 2101 1326 2171; x_wconf 81' lang='lat' dir='ltr'>Catullus</span> <span class='ocrx_word' id='word_1_98' title='bbox 1342 2105 1379 2169; x_wconf 93' lang='lat' dir='ltr'>in</span> <span class='ocrx_word' id='word_1_99' title='bbox 1402 2125 1490 2169; x_wconf 88' lang='lat' dir='ltr'>uersu</span> 
     </span>
     <span class='ocr_line' id='line_1_13' title="bbox 441 2221 637 2288; baseline 0.005 -2"><span class='ocrx_word' id='word_1_100' title='bbox 441 2223 537 2288; x_wconf 87' lang='lat' dir='ltr'>tertio</span> <span class='ocrx_word' id='word_1_101' title='bbox 560 2221 637 2287; x_wconf 91' lang='lat' dir='ltr'>dicit</span> 
     </span>
    </p>
   </div>
   <div class='ocr_carea' id='block_1_6' title="bbox 640 2398 1489 2607">
    <p class='ocr_par' dir='ltr' id='par_1_6' title="bbox 640 2398 1489 2607">
     <span class='ocr_line' id='line_1_14' title="bbox 640 2398 1489 2465; baseline -0.002 0"><span class='ocrx_word' id='word_1_102' title='bbox 640 2411 818 2465; x_wconf 76' lang='lat' dir='ltr'>manserant</span> <span class='ocrx_word' id='word_1_103' title='bbox 844 2400 903 2464; x_wconf 82' lang='lat' dir='ltr'>duo</span> <span class='ocrx_word' id='word_1_104' title='bbox 930 2421 941 2462; x_wconf 91' lang='lat'>.·</span> <span class='ocrx_word' id='word_1_105' title='bbox 968 2398 1023 2462; x_wconf 75' lang='lat' dir='ltr'>sal</span> <span class='ocrx_word' id='word_1_106' title='bbox 1050 2408 1207 2462; x_wconf 80' lang='lat' dir='ltr'>creuerunt</span> <span class='ocrx_word' id='word_1_107' title='bbox 1232 2398 1317 2463; x_wconf 69' lang='lat' dir='ltr'>malso</span> <span class='ocrx_word' id='word_1_108' title='bbox 1344 2402 1378 2463; x_wconf 82' lang='lat' dir='ltr'>in</span> <span class='ocrx_word' id='word_1_109' title='bbox 1403 2420 1489 2463; x_wconf 80' lang='lat' dir='ltr'>unam</span> 
     </span>
     <span class='ocr_line' id='line_1_15' title="bbox 689 2517 825 2607; baseline -0.022 -25"><span class='ocrx_word' id='word_1_110' title='bbox 689 2517 825 2607; x_wconf 67' lang='lat' dir='ltr'>stapulo.</span> 
     </span>
    </p>
   </div>
   <div class='ocr_carea' id='block_1_7' title="bbox 343 2689 1488 4300">
    <p class='ocr_par' dir='ltr' id='par_1_7' title="bbox 343 2689 1488 4300">
     <span class='ocr_line' id='line_1_16' title="bbox 440 2689 1488 2781; baseline -0.002 -23"><span class='ocrx_word' id='word_1_111' title='bbox 440 2705 615 2758; x_wconf 77' lang='lat' dir='ltr'>momorum</span> <span class='ocrx_word' id='word_1_112' title='bbox 636 2693 695 2758; x_wconf 84' lang='lat' dir='ltr'>duo</span> <span class='ocrx_word' id='word_1_113' title='bbox 715 2694 747 2759; x_wconf 88' lang='lat' dir='ltr'>h.</span> <span class='ocrx_word' id='word_1_114' title='bbox 770 2714 798 2759; x_wconf 90' lang='lat' dir='ltr'>e.</span> <span class='ocrx_word' id='word_1_115' title='bbox 821 2715 895 2758; x_wconf 90' lang='lat' dir='ltr'>cum</span> <span class='ocrx_word' id='word_1_116' title='bbox 908 2689 1059 2756; x_wconf 82' lang='lat' dir='ltr'>Maecilio</span> <span class='ocrx_word' id='word_1_117' title='bbox 1073 2689 1235 2756; x_wconf 91' lang='lat' dir='ltr'>moechari</span> <span class='ocrx_word' id='word_1_118' title='bbox 1248 2689 1350 2756; x_wconf 91' lang='lat' dir='ltr'>hodie</span> <span class='ocrx_word' id='word_1_119' title='bbox 1364 2712 1488 2781; x_wconf 88' lang='lat' dir='ltr'>quoque</span> 
     </span>
     <span class='ocr_line' id='line_1_17' title="bbox 439 2806 1488 2892; baseline -0.001 -16"><span class='ocrx_word' id='word_1_120' title='bbox 439 2809 557 2892; x_wconf 84' lang='lat' dir='ltr'>solent,</span> <span class='ocrx_word' id='word_1_121' title='bbox 579 2809 721 2875; x_wconf 90' lang='lat' dir='ltr'>sednon</span> <span class='ocrx_word' id='word_1_122' title='bbox 743 2810 832 2875; x_wconf 87' lang='lat' dir='ltr'>soli:</span> <span class='ocrx_word' id='word_1_123' title='bbox 860 2830 1013 2874; x_wconf 89' lang='lat' dir='ltr'>numerus</span> <span class='ocrx_word' id='word_1_124' title='bbox 1035 2807 1120 2873; x_wconf 89' lang='lat' dir='ltr'>enim</span> <span class='ocrx_word' id='word_1_125' title='bbox 1141 2806 1312 2874; x_wconf 86' lang='lat' dir='ltr'>Maeciliae</span> <span class='ocrx_word' id='word_1_126' title='bbox 1334 2809 1488 2875; x_wconf 82' lang='lat' dir='ltr'>adultero</span> 
     </span>
     <span class='ocr_line' id='line_1_18' title="bbox 438 2923 1488 3012; baseline 0.001 -23"><span class='ocrx_word' id='word_1_127' title='bbox 438 2949 511 2990; x_wconf 91' lang='lat' dir='ltr'>rum</span> <span class='ocrx_word' id='word_1_128' title='bbox 541 2927 643 2992; x_wconf 89' lang='lat' dir='ltr'>creuit</span> <span class='ocrx_word' id='word_1_129' title='bbox 670 2934 703 2991; x_wconf 89' lang='lat' dir='ltr'>et</span> <span class='ocrx_word' id='word_1_130' title='bbox 731 2926 811 2992; x_wconf 87' lang='lat' dir='ltr'>adeo</span> <span class='ocrx_word' id='word_1_131' title='bbox 843 2926 973 3012; x_wconf 90' lang='lat' dir='ltr'>quidem</span> <span class='ocrx_word' id='word_1_132' title='bbox 1001 2924 1102 2991; x_wconf 91' lang='lat' dir='ltr'>creuit</span> <span class='ocrx_word' id='word_1_133' title='bbox 1128 2934 1164 2989; x_wconf 90' lang='lat' dir='ltr'>ut</span> <span class='ocrx_word' id='word_1_134' title='bbox 1191 2923 1288 2989; x_wconf 89' lang='lat' dir='ltr'>hodie</span> <span class='ocrx_word' id='word_1_135' title='bbox 1317 2925 1488 2991; x_wconf 81' lang='lat' dir='ltr'>duomilia</span> 
     </span>
     <span class='ocr_line' id='line_1_19' title="bbox 360 3031 1488 3132; baseline 0.001 -25"><span class='ocrx_word' id='word_1_136' title='bbox 360 3031 363 3038; x_wconf 43' lang='lat'>¹</span> <span class='ocrx_word' id='word_1_137' title='bbox 439 3052 661 3126; x_wconf 81' lang='lat' dir='ltr'>numerentur,</span> <span class='ocrx_word' id='word_1_138' title='bbox 681 3043 773 3131; x_wconf 90' lang='lat' dir='ltr'>quasi</span> <span class='ocrx_word' id='word_1_139' title='bbox 785 3044 818 3108; x_wconf 94' lang='lat' dir='ltr'>in</span> <span class='ocrx_word' id='word_1_140' title='bbox 832 3044 970 3110; x_wconf 89' lang='lat' dir='ltr'>alterum</span> <span class='ocrx_word' id='word_1_141' title='bbox 985 3052 1157 3128; x_wconf 89' lang='lat' dir='ltr'>utrumque</span> <span class='ocrx_word' id='word_1_142' title='bbox 1169 3041 1255 3106; x_wconf 90' lang='lat' dir='ltr'>mille</span> <span class='ocrx_word' id='word_1_143' title='bbox 1268 3041 1488 3132; x_wconf 79' lang='lat' dir='ltr'>adulterorum</span> 
     </span>
     <span class='ocr_line' id='line_1_20' title="bbox 439 3159 1488 3248; baseline 0.001 -24"><span class='ocrx_word' id='word_1_144' title='bbox 439 3162 645 3226; x_wconf 89' lang='lat' dir='ltr'>succrcucrit.</span> <span class='ocrx_word' id='word_1_145' title='bbox 674 3169 708 3226; x_wconf 88' lang='lat' dir='ltr'>at</span> <span class='ocrx_word' id='word_1_146' title='bbox 718 3160 804 3226; x_wconf 88' lang='lat' dir='ltr'>unda</span> <span class='ocrx_word' id='word_1_147' title='bbox 818 3160 863 3226; x_wconf 91' lang='lat' dir='ltr'>illi</span> <span class='ocrx_word' id='word_1_148' title='bbox 874 3159 1034 3226; x_wconf 89' lang='lat' dir='ltr'>creuerint</span> <span class='ocrx_word' id='word_1_149' title='bbox 1045 3183 1103 3225; x_wconf 92' lang='lat' dir='ltr'>nos</span> <span class='ocrx_word' id='word_1_150' title='bbox 1116 3159 1366 3247; x_wconf 87' lang='lat' dir='ltr'>interrogamus.</span> <span class='ocrx_word' id='word_1_151' title='bbox 1393 3170 1488 3248; x_wconf 86' lang='lat' dir='ltr'>poeta</span> 
     </span>
     <span class='ocr_line' id='line_1_21' title="bbox 439 3276 1487 3364; baseline 0 -22"><span class='ocrx_word' id='word_1_152' title='bbox 439 3277 615 3364; x_wconf 89' lang='lat' dir='ltr'>respondet</span> <span class='ocrx_word' id='word_1_153' title='bbox 640 3278 806 3361; x_wconf 79' lang='lat' dir='ltr'>fecundum</span> <span class='ocrx_word' id='word_1_154' title='bbox 834 3302 935 3343; x_wconf 80' lang='lat' dir='ltr'>semea</span> <span class='ocrx_word' id='word_1_155' title='bbox 963 3277 1117 3344; x_wconf 74' lang='lat' dir='ltr'>adulterio</span> <span class='ocrx_word' id='word_1_156' title='bbox 1138 3300 1146 3342; x_wconf 74' lang='grc' dir='ltr'><strong><em>ε</em></strong></span> <span class='ocrx_word' id='word_1_157' title='bbox 1167 3278 1277 3363; x_wconf 89' lang='lat' dir='ltr'>itaque</span> <span class='ocrx_word' id='word_1_158' title='bbox 1304 3276 1353 3342; x_wconf 89' lang='lat' dir='ltr'>uti</span> <span class='ocrx_word' id='word_1_159' title='bbox 1379 3278 1487 3364; x_wconf 84' lang='lat' dir='ltr'>planta</span> 
     </span>
     <span class='ocr_line' id='line_1_22' title="bbox 439 3393 1486 3479; baseline 0.001 -20"><span class='ocrx_word' id='word_1_160' title='bbox 439 3396 562 3460; x_wconf 88' lang='lat' dir='ltr'>semine</span> <span class='ocrx_word' id='word_1_161' title='bbox 583 3417 641 3460; x_wconf 93' lang='lat' dir='ltr'>suo</span> <span class='ocrx_word' id='word_1_162' title='bbox 665 3405 849 3479; x_wconf 85' lang='lat' dir='ltr'>excrescat,</span> <span class='ocrx_word' id='word_1_163' title='bbox 881 3396 928 3459; x_wconf 90' lang='lat' dir='ltr'>ita</span> <span class='ocrx_word' id='word_1_164' title='bbox 949 3393 1111 3461; x_wconf 89' lang='lat' dir='ltr'>adulteros</span> <span class='ocrx_word' id='word_1_165' title='bbox 1133 3417 1175 3460; x_wconf 85' lang='lat' dir='ltr'>ex</span> <span class='ocrx_word' id='word_1_166' title='bbox 1195 3393 1348 3460; x_wconf 88' lang='lat' dir='ltr'>adulterii</span> <span class='ocrx_word' id='word_1_167' title='bbox 1368 3395 1486 3460; x_wconf 86' lang='lat' dir='ltr'>semine</span> 
     </span>
     <span class='ocr_line' id='line_1_23' title="bbox 437 3510 1484 3598; baseline 0 -23"><span class='ocrx_word' id='word_1_168' title='bbox 437 3512 589 3576; x_wconf 89' lang='lat' dir='ltr'>creuisse.</span> <span class='ocrx_word' id='word_1_169' title='bbox 637 3512 832 3577; x_wconf 89' lang='lat' dir='ltr'>adulterium</span> <span class='ocrx_word' id='word_1_170' title='bbox 862 3522 970 3578; x_wconf 90' lang='lat' dir='ltr'>autem</span> <span class='ocrx_word' id='word_1_171' title='bbox 1004 3511 1141 3598; x_wconf 85' lang='lat' dir='ltr'>duplex,</span> <span class='ocrx_word' id='word_1_172' title='bbox 1172 3510 1263 3577; x_wconf 83' lang='lat' dir='ltr'>cuius</span> <span class='ocrx_word' id='word_1_173' title='bbox 1293 3533 1337 3577; x_wconf 90' lang='lat' dir='ltr'>cx</span> <span class='ocrx_word' id='word_1_174' title='bbox 1368 3512 1484 3578; x_wconf 86' lang='lat' dir='ltr'>semine</span> 
     </span>
     <span class='ocr_line' id='line_1_24' title="bbox 439 3627 1483 3716; baseline 0.002 -25"><span class='ocrx_word' id='word_1_175' title='bbox 439 3627 658 3693; x_wconf 86' lang='lat' dir='ltr'>adulterorum</span> <span class='ocrx_word' id='word_1_176' title='bbox 680 3629 744 3694; x_wconf 92' lang='lat' dir='ltr'>duo</span> <span class='ocrx_word' id='word_1_177' title='bbox 765 3629 853 3694; x_wconf 87' lang='lat' dir='ltr'>milia</span> <span class='ocrx_word' id='word_1_178' title='bbox 875 3629 1199 3716; x_wconf 86' lang='lat' dir='ltr'>progerminaucrint,</span> <span class='ocrx_word' id='word_1_179' title='bbox 1219 3627 1299 3693; x_wconf 90' lang='lat' dir='ltr'>illud</span> <span class='ocrx_word' id='word_1_180' title='bbox 1321 3652 1341 3693; x_wconf 91' lang='lat' dir='ltr'>a</span> <span class='ocrx_word' id='word_1_181' title='bbox 1361 3629 1483 3695; x_wconf 88' lang='lat' dir='ltr'>duobus</span> 
     </span>
     <span class='ocr_line' id='line_1_25' title="bbox 436 3743 1482 3833; baseline 0.002 -26"><span class='ocrx_word' id='word_1_182' title='bbox 436 3743 498 3808; x_wconf 91' lang='lat' dir='ltr'>illis</span> <span class='ocrx_word' id='word_1_183' title='bbox 526 3767 599 3809; x_wconf 89' lang='lat' dir='ltr'>curn</span> <span class='ocrx_word' id='word_1_184' title='bbox 621 3744 771 3811; x_wconf 87' lang='lat' dir='ltr'>Maecilia</span> <span class='ocrx_word' id='word_1_185' title='bbox 793 3744 970 3811; x_wconf 86' lang='lat' dir='ltr'>exercitum</span> <span class='ocrx_word' id='word_1_186' title='bbox 998 3744 1123 3810; x_wconf 85' lang='lat' dir='ltr'>fnisse:</span> <span class='ocrx_word' id='word_1_187' title='bbox 1148 3767 1212 3833; x_wconf 93' lang='lat' dir='ltr'>quo</span> <span class='ocrx_word' id='word_1_188' title='bbox 1241 3755 1430 3833; x_wconf 82' lang='lat' dir='ltr'>corruptam</span> <span class='ocrx_word' id='word_1_189' title='bbox 1455 3753 1482 3811; x_wconf 87' lang='lat' dir='ltr'>ot</span> 
     </span>
     <span class='ocr_line' id='line_1_26' title="bbox 438 3860 1480 3949; baseline 0.003 -24"><span class='ocrx_word' id='word_1_190' title='bbox 438 3860 623 3926; x_wconf 90' lang='lat' dir='ltr'>libidinibus</span> <span class='ocrx_word' id='word_1_191' title='bbox 657 3861 780 3949; x_wconf 90' lang='lat' dir='ltr'>inpuris</span> <span class='ocrx_word' id='word_1_192' title='bbox 810 3860 969 3928; x_wconf 88' lang='lat' dir='ltr'>initiatam</span> <span class='ocrx_word' id='word_1_193' title='bbox 997 3861 1163 3926; x_wconf 89' lang='lat' dir='ltr'>mulierem</span> <span class='ocrx_word' id='word_1_194' title='bbox 1195 3862 1259 3927; x_wconf 90' lang='lat' dir='ltr'>iarn</span> <span class='ocrx_word' id='word_1_195' title='bbox 1291 3863 1425 3930; x_wconf 89' lang='lat' dir='ltr'>cuilibet</span> <span class='ocrx_word' id='word_1_196' title='bbox 1453 3883 1480 3928; x_wconf 84' lang='lat' dir='ltr'>se</span> 
     </span>
     <span class='ocr_line' id='line_1_27' title="bbox 363 3978 1480 4064; baseline 0.004 -24"><span class='ocrx_word' id='word_1_197' title='bbox 363 4042 367 4049; x_wconf 23' lang='lat'><strong><em>⁴</em></strong></span> <span class='ocrx_word' id='word_1_198' title='bbox 438 3979 641 4064; x_wconf 87' lang='lat' dir='ltr'>prostituere.</span> <span class='ocrx_word' id='word_1_199' title='bbox 676 3978 767 4061; x_wconf 88' lang='lat' dir='ltr'>baec,</span> <span class='ocrx_word' id='word_1_200' title='bbox 788 3978 850 4044; x_wconf 92' lang='lat' dir='ltr'>nisi</span> <span class='ocrx_word' id='word_1_201' title='bbox 863 3981 965 4063; x_wconf 87' lang='lat' dir='ltr'>fallor,</span> <span class='ocrx_word' id='word_1_202' title='bbox 988 3980 1139 4044; x_wconf 87' lang='lat' dir='ltr'>carminis</span> <span class='ocrx_word' id='word_1_203' title='bbox 1153 3979 1254 4045; x_wconf 90' lang='lat' dir='ltr'>totius</span> <span class='ocrx_word' id='word_1_204' title='bbox 1268 3980 1351 4046; x_wconf 89' lang='lat' dir='ltr'>ratio</span> <span class='ocrx_word' id='word_1_205' title='bbox 1367 4004 1407 4046; x_wconf 91' lang='lat' dir='ltr'>ac</span> <span class='ocrx_word' id='word_1_206' title='bbox 1420 4001 1480 4047; x_wconf 84' lang='lat' dir='ltr'>sen</span> 
     </span>
     <span class='ocr_line' id='line_1_28' title="bbox 343 4094 1479 4182; baseline 0.003 -24"><span class='ocrx_word' id='word_1_207' title='bbox 343 4138 348 4148; x_wconf 83' lang='lat'><strong>·</strong></span> <span class='ocrx_word' id='word_1_208' title='bbox 435 4095 540 4160; x_wconf 87' lang='lat' dir='ltr'>tentia</span> <span class='ocrx_word' id='word_1_209' title='bbox 572 4103 629 4160; x_wconf 85' lang='lat' dir='ltr'>est</span> <span class='ocrx_word' id='word_1_210' title='bbox 672 4104 705 4159; x_wconf 89' lang='lat' dir='ltr'>at</span> <span class='ocrx_word' id='word_1_211' title='bbox 732 4094 778 4161; x_wconf 94' lang='lat' dir='ltr'>illi</span> <span class='ocrx_word' id='word_1_212' title='bbox 807 4096 871 4161; x_wconf 92' lang='lat' dir='ltr'>duo</span> <span class='ocrx_word' id='word_1_213' title='bbox 899 4097 1036 4162; x_wconf 88' lang='lat' dir='ltr'>adulteri</span> <span class='ocrx_word' id='word_1_214' title='bbox 1071 4097 1202 4182; x_wconf 86' lang='lat' dir='ltr'>quinam</span> <span class='ocrx_word' id='word_1_215' title='bbox 1232 4097 1395 4164; x_wconf 76' lang='lat' dir='ltr'>fuerunt?</span> <span class='ocrx_word' id='word_1_216' title='bbox 1436 4094 1479 4163; x_wconf 85' lang='lat' dir='ltr'>cni</span> 
     </span>
     <span class='ocr_line' id='line_1_29' title="bbox 436 4209 1478 4300; baseline 0.006 -27"><span class='ocrx_word' id='word_1_217' title='bbox 436 4209 682 4299; x_wconf 86' lang='lat' dir='ltr'>interrogationi</span> <span class='ocrx_word' id='word_1_218' title='bbox 713 4213 791 4300; x_wconf 91' lang='lat' dir='ltr'>quid</span> <span class='ocrx_word' id='word_1_219' title='bbox 818 4214 1078 4300; x_wconf 89' lang='lat' dir='ltr'>respondendum</span> <span class='ocrx_word' id='word_1_220' title='bbox 1105 4212 1148 4280; x_wconf 88' lang='lat' dir='ltr'>sit</span> <span class='ocrx_word' id='word_1_221' title='bbox 1175 4214 1310 4281; x_wconf 92' lang='lat' dir='ltr'>dubium</span> <span class='ocrx_word' id='word_1_222' title='bbox 1339 4234 1478 4282; x_wconf 81' lang='lat' dir='ltr'>essene</span> 
     </span>
    </p>
   </div>
   <div class='ocr_carea' id='block_1_8' title="bbox 0 0 1676 5200">
    <p class='ocr_par' dir='ltr' id='par_1_8' title="bbox 0 0 1676 5200">
     <span class='ocr_line' id='line_1_30' title="bbox 0 0 1676 5200; baseline 0 5"><span class='ocrx_word' id='word_1_223' title='bbox 0 0 1676 5200; x_wconf 95' lang='lat' dir='ltr'> </span> 
     </span>
    </p>
   </div>
  </div>
 </body>
</html>
