3342 5200
398 665 432 715 42
544 661 572 714 ll
589 661 653 715 bn
671 661 776 715 anule
793 662 928 715 usum
943 663 991 715 ΕΤ
1007 662 1143 715 usum
1159 660 1313 715 cmm

398 828 626 895 Fortunatiani
661 829 904 912 demonstrant,
939 830 973 894 in
1006 829 1113 895 animo
1147 828 1300 894 habuisse
1333 851 1342 894 t
1371 850 1448 894 nam

401 944 520 1011 locutio
552 969 611 1034 per
641 947 842 1013 consulatum
873 946 1000 1012 iurandi
1025 968 1046 1010 a
1075 946 1202 1033 uulgari
1230 945 1360 1011 dicendi
1386 968 1449 1012 usu

400 1063 480 1129 adeo
496 1062 618 1130 recedit
636 1073 672 1129 ut
687 1064 932 1150 grammaticum
952 1064 1037 1129 ultro
1059 1064 1092 1128 in
1113 1086 1184 1128 cam
1205 1062 1357 1129 incidisse
1378 1085 1450 1151 per

399 1180 585 1268 negandum
617 1182 669 1246 sit.
712 1180 851 1268 denique
882 1181 910 1245 si
939 1180 1106 1268 quaeritur
1135 1201 1200 1267 quo
1230 1179 1327 1245 modo
1360 1189 1449 1246 totus

399 1299 492 1363 locus
513 1298 712 1386 supplendus
733 1308 766 1363 et
787 1296 1006 1363 emendandus
1033 1298 1088 1379 sit,
1122 1297 1342 1380 scholiastam,
1374 1320 1449 1368 cum

402 1413 443 1479 ad
465 1418 566 1483 uerba
588 1414 779 1481 Vatinianae
798 1415 855 1481 illa
876 1416 912 1498 (5
934 1415 987 1501 11)
1008 1414 1125 1501 quibus
1146 1413 1306 1497 Vatinius,
1336 1436 1450 1503 quaes·

400 1542 492 1597 turae
515 1531 720 1615 candidatus,
747 1533 786 1599 de
807 1533 909 1599 altero
931 1533 1099 1599 consulatu
1119 1531 1262 1619 gerendo
1285 1532 1450 1619 cogitasse

398 1648 537 1715 traditur
557 1651 761 1738 respexisset,
782 1650 828 1715 ita
848 1650 917 1715 fere
937 1651 1013 1715 olim
1035 1650 1204 1737 scripsisse
1224 1648 1418 1715 crediderim
1439 1672 1448 1713 ε

397 1767 616 1851 ineptissimam
658 1768 777 1833 Vatoiu‘s‘
808 1780 836 1832 et
866 1791 964 1852 poene
995 1765 1148 1851 Meum
1177 1766 1447 1846 (vaticinationem

398 1882 471 1948 duis
492 1883 540 1947 M.
568 1884 702 1967 Tillius,
733 1908 796 1971 qua
822 1885 871 1949 lic
895 1906 951 1969 per
976 1884 1127 1967 alterum)
1148 1885 1339 1949 maumam
1359 1885 1449 1950 ebro

396 2004 477 2081 usrr't,
500 2001 558 2086 qus·
574 1999 634 2082 (an
656 2005 726 2087 proin
740 2004 775 2085 ?)
791 2003 926 2087 primam
947 2001 1009 2066 sibi
1027 2003 1183 2085 nerb'pcret
1201 2011 1319 2085 optare.

479 2116 620 2182 Tantum
640 2117 740 2204 igitur
762 2119 854 2184 abest
873 2128 910 2183 ut
930 2117 972 2183 ad
994 2118 1092 2182 finem
1112 2138 1214 2204 usque
1235 2117 1313 2182 anni
1327 2116 1446 2194 707747

397 2232 560 2299 Catullum
589 2234 710 2299 uixisse
737 2234 888 2300 carminis
909 2252 954 2299 nu
984 2256 1099 2299 caussa
1129 2234 1222 2299 nobis
1251 2234 1448 2300 sumendum

396 2350 454 2434 sit,
484 2362 521 2417 ut
550 2351 584 2417 id
615 2349 702 2438 quod
734 2372 830 2437 supra
859 2350 973 2416 ceteris
1004 2351 1200 2416 carminibus
1232 2348 1447 2417 consideratis

397 2467 536 2534 diximus
557 2469 591 2533 in
613 2466 732 2534 Catulli
752 2467 836 2533 libro
857 2467 936 2533 nihil
958 2478 1033 2556 post
1054 2490 1172 2533 annum
1189 2467 1306 2544 700104
1320 2468 1447 2533 factum

397 2586 656 2669 commemorari,
703 2585 846 2651 carmine
886 2596 997 2652 nostro
1039 2584 1211 2672 diligenter
1258 2584 1447 2651 examinato

396 2703 526 2770 minime
547 2703 770 2789 redarguatur.
795 2702 851 2767 sed
872 2724 958 2768 noua
977 2704 1070 2769 nobis
1084 2703 1231 2790 quaestio
1244 2701 1448 2769 instituenda

395 2829 454 2885 est.
497 2822 663 2906 quaeritur
683 2820 767 2884 enim
789 2820 918 2884 cuinam
939 2842 1023 2885 anno
1045 2819 1110 2885 iam
1131 2842 1260 2885 carmen
1282 2839 1326 2884 nn
1351 2818 1447 2885 ascri·

396 2936 537 3004 bendum
569 2939 619 3003 sit.
663 2960 736 3003 cum
758 2938 900 3003 carmina
921 2947 1081 3025 quotquot
1103 2935 1250 3003 Catullus
1271 2936 1305 3003 in
1327 2934 1447 3003 Caesa·

395 3077 464 3120 rem
496 3067 529 3122 et
560 3055 772 3124 Caesarianos
805 3038 955 3142 scripsit,
997 3056 1082 3120 intra
1110 3053 1276 3121 biennium
1306 3053 1397 3140 quod
1427 3076 1447 3119 a

396 3173 503 3239 medio
524 3175 591 3240 tare
613 3196 696 3238 anno
717 3173 836 3250 698le
857 3173 898 3238 ad
920 3194 1040 3237 annum
1068 3171 1186 3250 700254
1207 3169 1350 3236 medium
1373 3170 1446 3253 fuit,

396 3290 573 3377 scripserit,
606 3312 671 3377 qua
701 3290 742 3356 de
768 3314 804 3356 re
830 3290 865 3356 in
892 3289 997 3376 capite
1019 3311 1104 3354 nono
1129 3287 1314 3354 adcuratius
1337 3288 1446 3376 dispu-

395 3406 544 3489 tabimus,
566 3407 713 3472 conicere
735 3407 809 3474 licet
824 3429 952 3473 carmen
970 3427 1025 3490 nn,
1047 3429 1112 3494 quo
1135 3406 1216 3472 duos
1231 3403 1446 3472 Caesarianos

395 3521 512 3588 acerbe
542 3523 749 3610 perstrinxit,
785 3524 869 3589 intra
897 3523 983 3590 idem
1012 3535 1141 3613 tempus
1169 3535 1300 3611 poetam
1327 3545 1447 3612 conpo

396 3639 505 3704 suisse.
548 3637 599 3704 cui
621 3639 800 3704 sententiae
821 3639 1060 3723 Mommsanus‚
1093 3663 1188 3728 quem
1218 3641 1447 3728 Iungclausse-

395 3778 456 3821 nus
471 3756 623 3843 sequitur,
648 3764 781 3821 eatenus
802 3757 993 3843 astipulatus
1015 3768 1065 3823 est
1088 3768 1124 3821 ut
1145 3779 1275 3822 carmen
1296 3767 1446 3823 nostrum

395 3892 479 3936 anno
503 3870 619 3948 toolet
639 3870 816 3938 ascriberet
841 3871 960 3959 partim
990 3894 1029 3937 eo
1057 3881 1164 3936 motus
1186 3870 1273 3959 quod
1296 3871 1447 3939 Catullus

394 3989 457 4055 boc
477 4008 563 4054 anno
584 3987 703 4055 librum
723 4009 816 4052 suum
844 3986 1014 4065 edidisset,
1048 3989 1164 4074 partim
1195 4009 1234 4053 eo
1265 3988 1354 4076 quod
1381 3988 1447 4055 iam

394 4117 464 4174 tum
485 4126 590 4192 neque
612 4125 695 4170 anno
717 4103 847 4169 demum
869 4103 982 4180 707147
1007 4103 1172 4186 Vatinius,
1205 4104 1296 4171 cuius
1326 4128 1447 4172 nomen

396 4244 415 4290 a
435 4217 614 4288 triumuiris
634 4240 746 4286 meuse
766 4219 872 4305 Aprili
892 4220 968 4285 anni
983 4219 1239 4298 6981'56Lucam
1259 4221 1445 4310 congressis
