3342 5200
436 653 485 704 216
635 648 714 702 vml
746 649 794 700 DE
812 646 971 700 CAESARE
987 647 1034 700 ΕΤ
1052 646 1292 700 causamme

436 815 610 884 Gaesarem
633 824 665 881 et
685 816 881 881 Mamurram
904 838 976 880 cum
997 812 1109 880 Mucia
1128 835 1198 878 rem
1214 811 1381 879 habuisse.
1410 833 1479 877 nam

435 933 609 1019 Pompeius
638 955 709 998 cum
740 930 912 998 Caesarem
933 930 1061 997 Muciae
1083 931 1268 998 adulterum
1291 928 1482 1016 Aegisthum

434 1051 620 1138 adpellaret,
641 1049 703 1114 lroc
721 1071 759 1114 eo
775 1050 878 1114 solum
893 1072 989 1115 sensu
1010 1048 1116 1115 facere
1134 1046 1242 1137 potuit
1263 1056 1303 1113 ut
1323 1069 1359 1112 se
1380 1044 1478 1133 ipsum

434 1189 507 1232 cum
530 1166 778 1252 Agamemnone
804 1165 860 1230 diu
888 1163 964 1230 olim
986 1174 1019 1229 et
1038 1164 1137 1251 longe
1157 1187 1177 1229 a
1197 1163 1306 1251 patria
1327 1173 1363 1230 et
1383 1184 1479 1229 uxore

435 1284 569 1350 absente
590 1292 792 1369 conpararet.
844 1282 930 1348 undo
957 1280 1186 1369 conligendum
1208 1290 1259 1346 est
1280 1280 1478 1369 Pompeium,

435 1422 508 1465 cum
524 1398 646 1467 Caesar
661 1399 728 1465 eius
740 1398 835 1465 uxori
850 1398 1065 1481 insidiaretur,
1086 1422 1106 1464 a
1126 1397 1231 1463 Roma
1252 1396 1309 1464 diu
1332 1406 1367 1463 ct
1387 1398 1479 1485 longe

433 1517 560 1582 afuisse.
612 1516 669 1581 sed
704 1538 789 1582 anno
824 1516 951 1598 684ίῖ0,
985 1537 1051 1601 quo
1086 1515 1226 1602 primum
1262 1515 1381 1580 consul
1414 1515 1479 1597 fuit,

433 1634 606 1721 Pompeius
620 1633 746 1699 Romae
767 1632 851 1698 uixit
871 1654 976 1719 neque
997 1631 1073 1699 alibi
1096 1632 1221 1697 duobus
1238 1630 1335 1696 annis
1350 1652 1479 1718 sequen

432 1750 527 1815 tibus.
569 1750 627 1816 sed
656 1771 728 1815 cum
753 1769 831 1815 uere
853 1747 929 1814 anni
951 1747 1067 1825 687l67
1096 1747 1137 1813 ad
1168 1746 1290 1834 piratae
1318 1747 1479 1836 fugandos

433 1867 537 1932 Roma
558 1867 720 1954 profectus
741 1876 835 1948 esset,
859 1866 900 1949 (si
915 1890 935 1931 a
949 1866 1042 1932 breui
1057 1866 1310 1931 commoratione
1325 1864 1384 1930 illo
1399 1885 1479 1931 anno

432 1984 519 2049 facta
549 1984 752 2067 discesseris,
785 1983 825 2049 de
858 2005 924 2071 qua
952 1982 1135 2049 Drumanni
1163 1981 1318 2048 historiae
1352 1992 1395 2048 uu
1422 1980 1480 2046 410

433 2100 560 2184 uideas)
583 2123 648 2166 non
668 2110 744 2166 ante
765 2100 843 2165 anni
863 2099 977 2177 693s61
1001 2100 1128 2167 initium
1147 2098 1223 2165 illue
1236 2098 1339 2164 rediit
1360 2122 1370 2164 ε
1392 2090 1487 2164 cuius¹

432 2219 585 2304 temporis
606 2227 730 2305 partem
751 2217 849 2305 longe
870 2216 1041 2283 maximam
1062 2216 1096 2281 in
1111 2216 1209 2282 Asiae
1225 2216 1365 2282 minoris
1380 2215 1479 2302 regio

431 2333 526 2399 nibus
547 2334 771 2399 remotioribus
793 2344 1009 2401 commoratus
1032 2342 1090 2400 est.
1132 2342 1230 2420 atque
1243 2332 1306 2399 hae
1331 2332 1481 2398 diuturna

432 2450 576 2517 absentia
602 2452 738 2539 Pompei
766 2450 887 2519 Caesar
915 2461 947 2517 et
971 2450 1139 2516 Mamurra
1170 2449 1211 2515 ad
1240 2449 1388 2516 Muciam
1416 2471 1480 2515 cor

432 2568 641 2655 rumpendam
670 2568 762 2634 abusi
790 2578 874 2635 sunt
917 2589 999 2655 quae
1020 2576 1168 2656 tempora
1188 2588 1389 2654 quamquam
1410 2588 1479 2632 cum

432 2698 577 2774 tempore
608 2711 628 2752 a
659 2685 788 2754 Catullo
821 2685 962 2752 indicato
989 2708 1061 2751 non
1092 2684 1246 2751 adcurate
1283 2693 1479 2772 congruunt,

430 2782 539 2869 tamen
559 2813 688 2870 nostrae
709 2804 887 2870 sententiae
911 2803 1040 2869 minime
1060 2801 1216 2868 officiunt.
1259 2801 1355 2868 ouius
1376 2802 1480 2868 delen·

429 2920 551 2986 dandae
582 2943 695 2986 caussa
726 2928 851 2986 tantum
878 2920 972 2986 abest
999 2927 1036 2983 ut
1056 2917 1212 3005 Pompeio
1242 2940 1310 2984 non
1341 2919 1421 2984 dum
1446 2916 1478 2983 in

429 3036 540 3101 Asiam
570 3036 715 3124 profecto
745 3060 805 3123 par
832 3037 1053 3104 adulterorum
1079 3034 1203 3114 occulto
1232 3045 1266 3100 et
1286 3045 1407 3122 postea
1428 3035 1479 3102 de

430 3176 516 3218 mum
538 3153 591 3217 illo
613 3155 720 3220 Roma
746 3155 880 3221 absente
907 3153 1049 3241 apertius
1074 3174 1144 3219 rem
1164 3174 1238 3217 oum
1258 3152 1371 3219 Mucia
1392 3151 1478 3220 insti·

431 3269 530 3336 tuisse
560 3269 723 3355 dieamus,
756 3281 793 3336 ut
813 3280 960 3359 poetam,
982 3294 1057 3337 cum
1077 3291 1162 3334 anno
1183 3269 1302 3346 699l55
1323 3269 1477 3358 Pompeio

432 3504 492 3568 bus
514 3504 546 3567 in
568 3503 636 3569 dies
655 3505 760 3590 magis
780 3504 881 3570 libere
902 3514 934 3570 et
951 3503 1103 3591 inpudice
1120 3526 1155 3569 se
1175 3502 1296 3570 dedere
1313 3511 1478 3593 reputaret

432 3629 465 3684 et
487 3619 637 3686 adulterii
657 3620 752 3704 illius,
774 3620 862 3707 quod
883 3620 1011 3687 diuortii
1026 3620 1160 3710 Pompei
1175 3630 1208 3687 et
1220 3619 1352 3687 Muciae
1367 3643 1476 3688 caussa

431 3738 545 3820 fuerat,
567 3737 753 3802 memoriam
770 3738 937 3822 recoleret,
959 3737 1038 3804 illud
1057 3738 1147 3825 prius
1168 3749 1295 3825 tempus
1319 3739 1475 3826 significa·

432 3864 540 3919 turum
561 3848 793 3940 cogitationum
814 3855 1053 3921 consociatione
1067 3855 1218 3922 facillima
1230 3856 1475 3944 promptissima

433 3992 495 4056 que
528 3971 569 4035 ad
597 3972 732 4060 Pompei
760 3975 901 4061 priorem
932 3974 1135 4040 consulatum
1164 3975 1473 4040 commemorandum

436 4087 597 4175 relapsum
618 4112 688 4154 esse
710 4098 742 4155 ot
763 4089 892 4156 triennii
910 4089 1145 4177 indiligentiam
1166 4090 1198 4155 in
1220 4089 1405 4176 quindecim
1426 4113 1473 4156 an·

435 4226 549 4268 norum
577 4225 701 4269 summa
724 4227 789 4272 non
816 4205 863 4272 ita
889 4192 1041 4292 magnam
1064 4206 1262 4275 committere
1284 4231 1385 4299 quarn
1406 4230 1472 4276 con
