3342 5200
409 670 457 718 100
690 657 715 709 V
748 656 797 707 DE
815 650 995 706 tutoremve
1011 644 1167 699 cauum

406 828 640 919 turpitudinem
669 832 801 891 ornatus
830 816 939 886 Clodii
964 810 1130 880 muliebris
1157 820 1191 876 et
1221 804 1460 895 turpitudinem

407 969 534 1013 morum
566 946 636 1011 eius
665 941 720 1031 qui
752 962 772 1005 a
800 938 979 1015 maiorum,
1014 930 1133 1018 quibus
1165 926 1241 992 olim
1272 942 1460 1009 cognomen

407 1064 601 1130 Pulororum
621 1056 737 1124 honori
760 1062 860 1136 esset,
887 1052 1008 1115 uirtute
1029 1045 1219 1125 defecisset,
1240 1038 1349 1106 uerbis
1370 1038 1463 1102 hisce

407 1188 491 1245 tecte
513 1177 720 1242 cauillaretur
734 1195 742 1236 :
757 1170 861 1246 credo,
880 1177 1042 1254 postquam
1063 1162 1222 1247 speculam
1242 1159 1299 1221 aar
1316 1153 1464 1219 adlatum

409 1307 459 1372 est,
482 1298 568 1383 longe
588 1307 616 1358 te
636 1317 656 1356 a
675 1290 799 1376 pulcris
819 1289 922 1350 abesse
948 1280 1101 1347 sensisti:
1123 1277 1156 1341 id
1178 1274 1266 1361 quod
1288 1269 1465 1337 scholiasta

408 1410 581 1479 Bobiensis
595 1433 626 1496 p.
641 1407 702 1473 337
718 1406 803 1471 benc
816 1400 969 1490 dispexit,
989 1396 1198 1484 festinisse'me
1219 1392 1312 1456 simul
1330 1400 1359 1453 et
1379 1386 1464 1451 nobi-

408 1530 524 1595 litatem
558 1527 681 1613 qeneris
703 1522 890 1607 infamatam
922 1529 950 1581 et
975 1537 1074 1579 mores
1099 1511 1254 1596 femineos
1281 1510 1315 1572 in
1344 1503 1469 1591 speculi

411 1643 662 1727 contemplatione
691 1638 827 1717 detexit,
857 1656 917 1721 qao
938 1630 1035 1711 seme
1056 1628 1103 1693 ad
1123 1626 1348 1712 explorandam
1369 1641 1467 1690 rurae

411 1783 484 1825 serae
516 1760 700 1843 diligentiam
728 1753 868 1818 mulieres
894 1754 939 1813 uti
966 1747 1071 1813 solent.
1113 1768 1184 1829 erqo
1211 1753 1240 1805 et
1265 1738 1465 1805 inleleralem

407 1874 548 1960 flprrrom
580 1872 693 1957 probro
726 1868 811 1933 dedit
835 1878 863 1931 et
890 1866 1041 1929 murorum
1068 1882 1191 1925 suorum
1220 1854 1466 1921 desaimdls'mum

414 2000 592 2056 corttestotas
615 2000 666 2051 est.
708 2009 780 2049 nam
794 1982 869 2069 fuit
888 1982 944 2045 loo
961 1978 1115 2046 Cletrds‘oe
1133 1974 1280 2059 familiae
1301 1991 1467 2058 cognomen

415 2107 551 2173 inlustre
594 2102 651 2167 nix
673 2112 780 2166 autem
801 2108 850 2164 est
866 2098 952 2186 quod
966 2096 1084 2161 addam
1101 2092 1309 2158 scholiastam
1325 2086 1366 2151 de
1381 2085 1468 2151 facie

418 2219 554 2287 deformi
576 2217 682 2284 Clodii
704 2238 744 2281 ne
765 2215 901 2279 uerbum
921 2210 1053 2299 quidem
1074 2208 1204 2273 dixisse.
1239 2215 1309 2270 tum
1331 2200 1469 2268 Clodius

413 2338 567 2404 simulans
594 2358 628 2401 se
657 2355 740 2422 quae
769 2330 885 2398 Cicero
907 2329 948 2393 de
968 2328 1107 2392 uestitus
1129 2334 1162 2388 et
1181 2343 1310 2387 morum
1330 2318 1470 2406 turpitu-

415 2455 489 2519 dine
522 2453 604 2518 dixit
632 2452 671 2517 de
692 2450 786 2515 faciei
811 2446 1019 2513 deformitate
1052 2442 1270 2522 intellexisse,
1299 2438 1398 2518 haec,
1432 2443 1470 2499 ut

414 2568 522 2636 Beieri
555 2568 662 2636 uerbis
683 2575 772 2646 utar,
803 2564 838 2630 in
859 2564 1003 2629 Tullium
1023 2558 1163 2626 coniecit
1183 2569 1216 2622 nt
1234 2579 1303 2622 sum
1323 2552 1409 2620 tund
1428 2556 1471 2616 ira

415 2687 561 2752 mdbernli
571 2683 668 2770 facie
690 2681 836 2768 :quibus
866 2678 981 2746 Cicero
1002 2678 1112 2743 uerbis
1143 2675 1207 2740 illis
1230 2694 1315 2761 quae
1339 2693 1382 2736 ex
1403 2669 1471 2734 Ru·

416 2803 534 2868 finiano
557 2800 792 2885 adsumpsimus
814 2794 989 2884 respondit
1030 2791 1144 2859 iamsi
1166 2812 1281 2856 sensus
1297 2786 1473 2874 egregium

417 2938 628 3007 progressum
649 2924 682 2978 ct
702 2913 928 2999 gradationem
949 2909 1134 2974 consideras
1144 2956 1153 2989 ,
1186 2905 1304 2971 deinde
1325 2902 1473 2968 similitu·

417 3036 524 3100 dinem
546 3054 629 3118 quae
657 3030 740 3096 inter
762 3038 872 3095 cetera
898 3025 1118 3094 altercationis
1145 3023 1230 3088 illius
1258 3021 1410 3108 exempla
1440 3028 1475 3084 et

418 3150 480 3214 hoc
501 3170 613 3214 recens
639 3147 863 3212 concinnatum
885 3141 1077 3224 intercedit,
1106 3139 1226 3228 quippe
1256 3159 1341 3226 quae
1363 3136 1475 3201 omnia

420 3266 493 3330 lusn
523 3265 697 3329 uerborum
720 3261 861 3350 quodam
883 3258 1065 3324 efficiantur
1087 3257 1144 3341 (ci.
1166 3255 1334 3342 inprimis
1355 3251 1477 3318 similli-

420 3403 506 3444 mam
535 3377 673 3443 nominis
706 3375 827 3463 proprii
857 3385 890 3440 et
927 3373 1115 3461 adpellatiui
1135 3370 1409 3461 permutationem
1440 3369 1476 3432 in

420 3495 475 3559 illo
496 3517 598 3578 reqem
619 3492 764 3578 adpellere,
786 3514 857 3555 cam
872 3489 945 3554 Rex
959 3495 1003 3554 tui
1022 3495 1198 3555 meseonem
1212 3487 1332 3553 nullom
1350 3485 1476 3573 secent,

423 3610 463 3676 cf.
492 3611 533 3674 ad
563 3612 630 3674 Att.
659 3633 679 3673 u
704 3608 840 3690 1610),
871 3606 1011 3693 denique
1041 3606 1068 3669 si
1099 3617 1232 3692 reputas
1263 3626 1364 3693 quam
1397 3612 1477 3690 apte

423 3747 539 3790 nomen
558 3715 720 3790 ‘catamiti'
739 3724 773 3788 in
800 3719 951 3788 Clodium
980 3721 1134 3809 quadret,
1168 3719 1279 3806 Bejeri
1311 3719 1477 3784 restitutio

422 3841 521 3906 totius
542 3842 605 3905 loci
626 3840 791 3928 praeclara
813 3848 846 3902 et
864 3860 993 3902 sensum
1016 3835 1184 3902 Ciceronis
1210 3835 1348 3922 egregie
1370 3835 1479 3922 expri-

423 3977 511 4019 mere
532 3966 565 4020 ct
584 3955 777 4020 resuscitare
798 3953 937 4018 uidetur.
979 3961 1104 4017 tantum
1117 3951 1220 4036 igitur
1233 3951 1329 4017 abest
1343 3959 1380 4016 ut
1402 3974 1478 4017 cum

423 4068 509 4134 Maio
530 4051 766 4134 deformitatem
787 4069 825 4132 P.
845 4066 951 4132 Clodii
971 4068 1044 4132 loco
1065 4067 1122 4130 illo
1146 4067 1382 4154 conprobatam
1405 4090 1481 4134 esse

423 4186 634 4264 arbitremur,
666 4192 702 4248 ut
730 4185 838 4247 locum
866 4183 957 4247 illum
987 4182 1188 4269 argumentis
1217 4185 1265 4248 eis
1287 4182 1482 4250 addendum
