3342 5200
427 619 475 669 118
711 615 736 667 V
770 614 819 667 DE
836 613 1015 669 sucumve
1031 612 1187 667 cervum

422 772 608 869 rorso'lpuss.
650 779 811 847 Antonius
834 790 868 847 et
888 781 1089 849 Octsuienus
1108 780 1193 847 illius
1208 780 1377 868 perfidiam
1399 804 1473 848 oon·

425 901 532 967 eulstu
559 922 588 965 e.
620 898 736 977 718136
765 899 873 965 deleto
905 900 1101 965 remunerati
1131 908 1216 965 sunt.
1267 899 1355 965 bello
1384 898 1473 965 ciuili

422 1027 538 1107 posteo
574 1015 658 1082 iuter
691 1012 907 1081 Octauianum
946 1024 980 1081 ct
1014 1014 1194 1081 Antonium
1225 1024 1339 1081 exorto
1374 1014 1473 1079 huius

424 1154 559 1199 ceussse
588 1132 736 1198 eddictus
762 1130 796 1196 iu
825 1153 937 1220 pugne
967 1131 1103 1197 Actincu
1132 1152 1198 1197 une
1223 1154 1297 1197 cum
1326 1131 1472 1197 Antonio

423 1251 495 1339 ipso
516 1250 630 1316 dextro
652 1248 761 1315 elessis
781 1249 894 1314 cornui
914 1248 1064 1335 praefuit.

506 1366 604 1433 Hunc
624 1363 768 1432 Gellium
792 1365 894 1432 luisse
914 1365 1096 1453 putuucrim
1117 1387 1213 1452 quem
1234 1362 1380 1431 Catullus
1401 1386 1473 1453 sep-

423 1494 490 1552 tem
510 1484 573 1549 illis
600 1482 796 1549 carminibus
816 1481 1013 1571 perstrinxit
1055 1506 1140 1571 quse
1164 1482 1322 1548 sententis
1343 1482 1385 1547 ed
1405 1502 1473 1547 mo

423 1601 500 1666 dnm
530 1600 706 1689 probabilis
737 1599 902 1667 uidebitur
928 1599 957 1665 ei
994 1599 1051 1689 qui
1088 1598 1129 1664 L.
1165 1598 1265 1665 Gellii
1298 1598 1383 1664 illins
1418 1620 1472 1663 res

422 1717 596 1784 familiares
626 1716 734 1804 paullo
762 1717 947 1784 sdcurmius
975 1716 1235 1783 considereuerit.
1279 1716 1319 1782 L.
1341 1714 1472 1782 Gellius

423 1812 461 1899 L.
490 1835 514 1901 f.
543 1834 709 1903 Publicola
740 1834 853 1900 consul
886 1857 916 1900 e.
951 1834 1070 1911 682112
1102 1842 1198 1899 ustus
1229 1832 1315 1899 circe
1349 1855 1471 1898 ennum

422 1952 560 2031 6161138
574 1952 607 2039 *)
638 1974 681 2019 ex
701 1974 804 2018 uxore
825 1950 907 2018 Polo.
927 1951 966 2017 L.
991 1950 1134 2016 Gellium
1159 1949 1260 2016 filium
1271 1999 1281 2033 ,
1313 1959 1428 2037 postes
1448 1972 1470 2015 e

488 2308 610 2378 ⁴)0ircs
628 2324 727 2361 sunum
745 2308 859 2375 6161138
876 2309 909 2361 1..
926 2308 1041 2361 Gellium
1066 2314 1159 2361 netum
1181 2324 1240 2361 esse
1255 2325 1305 2361 nos
1322 2324 1384 2362 eum
1400 2311 1471 2363 Dru-

419 2418 516 2455 msuno
534 2403 595 2471 (HR
605 2418 635 2453 ιιι
653 2404 697 2471 64)
715 2410 819 2456 etcum
836 2403 960 2455 Hsskbio
978 2404 1017 2469 (in
1033 2404 1119 2455 Psulii
1136 2404 1344 2471 encyclopsedis
1359 2422 1388 2454 ιιι
1406 2405 1469 2472 662)
1557 2432 1560 2435 ·

418 2498 616 2562 contendimus,
649 2498 701 2549 etsi
728 2496 845 2549 Orellius
869 2498 969 2562 (onem.
989 2497 1058 2547 Tuli
1081 2513 1108 2564 p.
1133 2499 1194 2564 269)
1221 2512 1281 2549 oum
1305 2496 1365 2548 eliis
1389 2497 1469 2549 sliter

417 2591 516 2644 statuit.
552 2607 595 2643 res
624 2590 686 2642 inde
712 2589 841 2657 dependet
866 2606 929 2642 num
952 2589 984 2641 L.
1001 2589 1105 2643 Gellius
1123 2596 1228 2656 orator,
1255 2592 1332 2643 cuius
1360 2589 1468 2643 aliunde

417 2700 473 2737 non
497 2685 597 2754 cogniti
615 2684 708 2736 cicero
723 2685 764 2749 (in
785 2685 921 2736 Brutone
941 2687 1049 2737 tuost
1072 2683 1191 2752 1'14)bis
1215 2671 1374 2737 mentionem
1398 2686 1468 2750 fecit,
1551 2725 1560 2730 .

417 2780 488 2832 idem
505 2779 587 2832 luisse
604 2784 683 2846 etque
699 2779 732 2830 L.
749 2779 852 2830 Gellius
869 2778 964 2831 consul
978 2795 1001 2830 s.
1017 2779 1114 2845 681172
1131 2778 1283 2832 edflrmetur
1300 2794 1335 2830 en
1350 2785 1469 2847 negetur.

418 2882 445 2928 et
469 2874 618 2942 negandum
641 2874 747 2940 quidem
772 2872 839 2924 illud
865 2888 897 2924 eo
923 2873 1029 2925 uidetur
1050 2873 1119 2940 quod
1142 2874 1173 2926 L.
1191 2873 1271 2925 uellit
1294 2875 1357 2924 euni
1373 2888 1469 2925 consu·

417 2967 482 3019 luris
502 2969 605 3019 ratione
627 2966 720 3020 meite
741 2966 775 3019 sd
804 2968 862 3019 eius
880 2981 977 3017 sunum
994 2966 1109 3018 nstelem
1128 2967 1242 3033 6391118
1260 2967 1415 3031 referimur,
1441 2972 1470 3018 et

417 3061 489 3127 qnod
513 3061 627 3113 Gellium
645 3066 787 3123 oratorem,
816 3066 925 3126 utpote
942 3061 988 3126 qui
1005 3066 1033 3111 et
1050 3061 1079 3113 C.
1098 3061 1199 3126 Papirii
1217 3060 1345 3112 Carbonis
1363 3063 1391 3111 in
1409 3061 1469 3112 eius

416 3155 555 3206 consulatu
582 3153 696 3219 6341120
724 3152 923 3205 contubernalis
955 3163 982 3205 et
1007 3155 1087 3205 seteti
1112 3156 1148 3206 Μ.
1175 3155 1285 3206 Antonii
1317 3155 1348 3204 L.
1375 3153 1468 3206 (irnssi

416 3247 446 3298 L
463 3247 586 3314 Philippi,
601 3263 714 3315 quornm
730 3247 830 3314 primus
848 3262 872 3297 s.
891 3246 1005 3312 8111143
1023 3246 1090 3298 ulter
1106 3262 1130 3298 e.
1149 3247 1262 3313 6141140
1281 3249 1375 3299 tertius
1392 3250 1468 3300 circu

416 3357 514 3394 annum
531 3342 644 3408 6081146
661 3341 706 3410 (of.
724 3355 804 3408 cupre
820 3357 845 3408 p.
865 3344 924 3410 110)
941 3343 998 3394 neti
1014 3349 1097 3406 erent,
1123 3358 1204 3409 prope
1222 3345 1377 3394 coniunctus
1395 3348 1468 3394 esset

416 3435 460 3500 (cs.
477 3435 552 3486 Brut.
566 3439 598 3486 47
614 3437 682 3505 174),
698 3449 808 3488 neccsse
825 3434 954 3487 hebemus
971 3436 1128 3487 concludere
1145 3437 1216 3487 circs
1231 3452 1329 3487 sunum
1349 3435 1464 3503 6161138

415 3532 506 3578 netum
523 3544 591 3580 esse.
609 3545 671 3582 nam
684 3532 770 3581 maius
780 3529 851 3580 inter
863 3544 946 3581 annos
957 3528 1070 3596 6161188
1082 3535 1109 3581 et
1119 3529 1233 3596 6891118
1241 3530 1344 3582 natales
1362 3531 1464 3582 ratione

416 3620 521 3673 diuersa
544 3628 663 3689 repertos
686 3623 828 3676 discrimen
851 3630 938 3689 extet,
964 3640 1043 3690 quem
1059 3630 1091 3676 ut
1107 3624 1140 3676 de
1161 3640 1215 3675 uno
1239 3625 1383 3691 eodemque
1405 3627 1465 3676 uiro

415 3715 564 3766 consociari
580 3731 627 3768 eos
650 3731 728 3784 posse
754 3716 890 3785 probabile
913 3719 957 3770 sit.
990 3723 1021 3769 ut
1036 3718 1106 3769 enim
1123 3733 1221 3770 aunum
1238 3719 1351 3786 6161138
1368 3720 1465 3786 probe·

414 3822 487 3871 mus,
513 3807 542 3858 L.
561 3807 663 3862 Gellius
683 3811 851 3862 consulatum
874 3812 971 3876 uiginti
992 3810 1079 3863 tribus
1102 3813 1179 3864 annis
1200 3819 1261 3880 post
1284 3829 1360 3865 suurn
1383 3829 1464 3878 quem

413 3908 512 3952 uocsnt
532 3917 630 3954 anunm
653 3919 723 3955 suno
749 3905 844 3956 setstis
861 3905 1027 3972 sexagesimo
1046 3910 1123 3958 sexto
1147 3907 1239 3974 gessit.
1273 3906 1357 3958 nihilo
1374 3909 1463 3959 minus

413 3993 464 4044 bec
481 3993 631 4048 difficultate
648 4013 701 4048 non
719 3999 835 4048 deterriti
853 4003 880 4049 et
896 4000 1066 4063 argumentis,
1084 4009 1114 4050 ut
1130 3999 1207 4051 nobis
1225 4001 1329 4067 quidem
1346 4002 1462 4068 uidetur,

413 4087 580 4154 grauioribus
598 4090 659 4141 freti
676 4091 833 4143 arbitremur
858 4107 918 4143 cum
939 4093 1092 4144 Drumeuno
1110 4099 1138 4144 et
1154 4094 1277 4146 Hunlshio
1294 4093 1326 4145 L.
1345 4095 1463 4148 Gellium

412 4181 549 4234 consulem
565 4188 593 4234 et
608 4183 638 4238 L.
656 4183 771 4237 Gellium
788 4191 919 4238 oratorem
941 4186 1052 4238 eundem
1075 4203 1134 4240 esse
1151 4187 1285 4247 bominem
1302 4204 1327 4242 s.
1344 4189 1462 4256 8161188
