3342 5200
403 654 419 701 8
823 646 1034 699 PROOEMIVM

404 816 526 881 tionem
548 813 623 879 libri
646 812 820 879 Catulliani
851 813 1096 878 tundamentum
1124 812 1202 878 satis
1232 810 1361 875 firmum
1387 832 1457 877 esse

406 954 471 1020 quo
494 930 717 1018 interpretatio
740 931 808 995 eius
830 928 983 994 constitui
1004 929 1106 1016 possit
1122 950 1239 993 secure
1259 938 1420 994 tenemus.

487 1047 534 1113 Vt
565 1068 642 1111 uero
670 1046 801 1113 tandem
828 1046 869 1113 ad
898 1068 937 1111 oa
964 1068 1048 1132 quae
1075 1045 1108 1111 in
1139 1045 1201 1111 hoc
1214 1098 1216 1102 .
1230 1044 1456 1131 quaestionum

405 1175 589 1231 nostrarum
612 1163 865 1230 Catullianarum
888 1162 970 1229 libro
992 1162 1096 1251 primo
1118 1160 1166 1227 de
1187 1162 1277 1227 uita
1298 1159 1456 1227 Catulli

405 1281 498 1348 nobis
519 1282 656 1347 dicenda
678 1291 752 1346 sunt
773 1290 991 1361 transeamus,
1019 1300 1056 1345 ea
1075 1280 1126 1344 ila·
1142 1277 1363 1344 distribuenda
1385 1301 1455 1345 esse
1500 1289 1505 1296 '

404 1399 587 1483 putarimus
608 1399 695 1463 utin
716 1398 825 1484 capite
845 1396 959 1484 primo,
981 1396 1072 1461 cuius
1091 1397 1188 1461 telam
1204 1404 1375 1481 pertexere
1389 1394 1455 1461 iam

405 1516 588 1601 coepimus,
623 1515 670 1579 de
703 1513 948 1579 nominibus
969 1511 1140 1578 Catulli
1169 1513 1203 1576 in
1233 1511 1377 1576 secundo
1406 1513 1478 1577 de¹

406 1630 531 1696 annis
554 1630 711 1718 quibus
733 1639 862 1695 natus
884 1639 923 1695 et
943 1637 1138 1693 mortuus
1159 1628 1218 1693 sit
1238 1627 1383 1696 intortio
1406 1630 1456 1693 dc

405 1746 498 1812 eius
526 1768 570 1812 re
600 1745 814 1811 familiari
845 1746 879 1810 in
901 1753 1016 1832 quarto
1039 1755 1071 1809 ot
1092 1746 1205 1830 quinto
1228 1744 1269 1809 de
1290 1743 1458 1810 Catulli

406 1872 446 1927 et
465 1862 654 1929 Lesbiae
675 1862 895 1927 amoribus
923 1862 956 1926 in
979 1872 1070 1926 sexto
1093 1861 1140 1926 de
1162 1859 1267 1926 aliis
1289 1858 1458 1928 Catulli

405 1980 623 2045 amoribus
651 1981 685 2043 in
714 1980 850 2065 septimo
880 1978 928 2044 tle
960 1977 1122 2043 itinere
1150 1976 1389 2065 Bithynico
1422 1979 1457 2043 in

406 2106 521 2161 octauo
543 2096 591 2160 de
608 2094 774 2162 Catulli
796 2097 939 2161 fratre
961 2095 1141 2182 eiusque
1162 2104 1299 2159 morte
1320 2094 1457 2160 innono
1531 2116 1533 2119 ⁴

404 2212 452 2280 de
475 2212 739 2277 carminibus
761 2234 869 2299 quae
890 2211 931 2277 in
947 2210 1170 2280 Caesarem
1192 2210 1458 2278 etCaesaria·

405 2350 481 2393 nos
511 2327 715 2395 Catullus
744 2329 982 2416 scripserit
1011 2328 1221 2416 disputemus.
1274 2327 1390 2394 ‹leirme
1422 2328 1455 2393 in

407 2444 512 2533 capite
527 2445 651 2509 decimo
673 2445 955 2511 deVerannio
978 2445 1217 2511 etFabullo
1237 2444 1272 2510 in
1287 2444 1457 2510 undecimo

407 2562 456 2627 de
478 2561 522 2629 G.
545 2561 720 2629 Licinio
742 2560 877 2629 Caluo
899 2563 933 2628 in
956 2562 1144 2628 duodecimo
1166 2562 1214 2629 de
1235 2559 1279 2628 G.
1300 2561 1456 2629 Heluio

407 2678 541 2746 Cinna
563 2690 602 2744 et
625 2677 666 2758 Q.
688 2679 925 2747 Hortensio
947 2688 987 2745 et
1007 2670 1197 2746 Tanusio
1220 2677 1401 2745 Gemino
1422 2679 1456 2744 in

406 2797 503 2862 tertio
526 2796 650 2861 decimo
672 2796 719 2862 de
741 2795 959 2876 Quintilio
980 2796 1093 2863 Varo
1117 2797 1164 2862 de
1186 2795 1386 2864 Caecilio
1407 2795 1457 2860 de

407 2912 614 2980 Cornelio
636 2913 805 3001 Nepote
833 2914 882 2980 de
904 2912 1150 2982 Cornificio
1171 2913 1218 2979 de
1242 2911 1386 2979 Sesti-o
1407 2912 1457 2978 de

405 3028 584 3094 Valerio
600 3027 767 3095 Catone
789 3030 836 3095 de
859 3028 960 3096 aliis
981 3029 1119 3096 doctis
1140 3029 1282 3096 amicis
1298 3028 1456 3096 Catulli

405 3143 608 3211 disseremus.
652 3156 721 3213 tum
750 3145 783 3212 in
804 3147 913 3234 capite
934 3158 1050 3235 quartu
1072 3146 1207 3212 decimo.
1220 3147 1328 3212 omnia
1349 3169 1456 3234 quae

402 3262 449 3328 de
478 3262 675 3348 personis
706 3260 976 3329 Catullianis
1008 3262 1196 3330 dicenda
1225 3264 1456 3330 restabunt

404 3389 560 3466 congesta
581 3379 744 3461 inuenies,
773 3379 807 3443 in
827 3378 938 3467 primis
958 3380 1006 3444 de
1028 3378 1225 3446 Cominio
1255 3380 1305 3445 de
1325 3379 1455 3446 Arrio

404 3494 453 3560 de
483 3494 645 3562 Manlio
681 3496 902 3582 Torquato
932 3504 973 3560 et
1002 3495 1130 3562 Vinia
1157 3496 1456 3563 Aurunculeia

406 3632 473 3676 non
493 3610 580 3677 nulla
602 3632 808 3698 exponemus.
851 3611 991 3699 denique
1010 3613 1045 3677 in
1065 3614 1171 3701 capite
1192 3615 1305 3702 quinto
1328 3614 1455 3681 decimo

404 3748 489 3814 quae
523 3728 556 3793 in
594 3729 754 3815 capitibus
787 3730 1055 3818 praecedentibus
1096 3730 1145 3794 de
1186 3731 1454 3819 temporibus

403 3843 638 3910 carminum
665 3846 853 3932 singillatim
882 3846 1028 3934 exposita
1049 3859 1124 3913 sunt
1151 3847 1293 3916 breuiter
1321 3870 1455 3937 conpre-

403 3960 593 4026 hendentur.
1377 3983 1384 3989 ·

488 4077 635 4144 Primum
663 4077 765 4163 igitur
790 4079 958 4146 uideamus
979 4102 1063 4168 quae
1083 4081 1212 4147 nomina
1236 4080 1365 4149 Catullo
1387 4083 1455 4148 fue

409 4194 485 4262 rint.
528 4205 561 4262 et
580 4189 765 4262 ‘Catullum’
785 4195 913 4284 quidem
934 4208 1031 4284 poeta
1048 4197 1165 4285 ipsein
1181 4198 1374 4266 carminibus
1388 4199 1456 4266 auis
