<?xml version="1.0" encoding="UTF-8"?>
<!DOCTYPE html PUBLIC "-//W3C//DTD XHTML 1.0 Transitional//EN"
    "http://www.w3.org/TR/xhtml1/DTD/xhtml1-transitional.dtd">
<html xmlns="http://www.w3.org/1999/xhtml" xml:lang="en" lang="en">
 <head>
  <title>
</title>
<meta http-equiv="Content-Type" content="text/html;charset=utf-8" />
  <meta name='ocr-system' content='tesseract 3.04.00' />
  <meta name='ocr-capabilities' content='ocr_page ocr_carea ocr_par ocr_line ocrx_word'/>
</head>
<body>
  <div class='ocr_page' id='page_1' title='image "./gvalericatvllil01catugoog_0024.png"; bbox 0 0 3342 5200; ppageno 0'>
   <div class='ocr_carea' id='block_1_1' title="bbox 398 618 1158 671">
    <p class='ocr_par' dir='ltr' id='par_1_1' title="bbox 398 618 1158 671">
     <span class='ocr_line' id='line_1_1' title="bbox 398 618 1158 671; baseline -0.001 -1"><span class='ocrx_word' id='word_1_1' title='bbox 398 622 430 670; x_wconf 74' lang='lat'><strong>12</strong></span> <span class='ocrx_word' id='word_1_2' title='bbox 682 620 694 669; x_wconf 90' lang='lat'>1</span> <span class='ocrx_word' id='word_1_3' title='bbox 729 620 776 669; x_wconf 79' lang='lat' dir='ltr'><strong>DE</strong></span> <span class='ocrx_word' id='word_1_4' title='bbox 794 618 987 671; x_wconf 72' lang='lat' dir='ltr'>HOMINIBVS</span> <span class='ocrx_word' id='word_1_5' title='bbox 1005 619 1158 671; x_wconf 67' lang='lat' dir='ltr'><strong>curvum</strong></span> 
     </span>
    </p>
   </div>
   <div class='ocr_carea' id='block_1_2' title="bbox 395 785 1447 2499">
    <p class='ocr_par' dir='ltr' id='par_1_2' title="bbox 395 785 1447 2499">
     <span class='ocr_line' id='line_1_2' title="bbox 397 785 1440 852; baseline -0.001 -3"><span class='ocrx_word' id='word_1_6' title='bbox 397 786 689 851; x_wconf 86' lang='lat' dir='ltr'><strong>recentissimorum</strong></span> <span class='ocrx_word' id='word_1_7' title='bbox 710 786 857 852; x_wconf 89' lang='lat' dir='ltr'><strong>codicum</strong></span> <span class='ocrx_word' id='word_1_8' title='bbox 874 785 1129 852; x_wconf 79' lang='lat' dir='ltr'><strong>Catullinnorum</strong></span> <span class='ocrx_word' id='word_1_9' title='bbox 1150 796 1233 851; x_wconf 87' lang='lat' dir='ltr'><strong>sunt.</strong></span> <span class='ocrx_word' id='word_1_10' title='bbox 1277 786 1440 850; x_wconf 76' lang='lat' dir='ltr'><strong>Detcnnm</strong></span> 
     </span>
     <span class='ocr_line' id='line_1_3' title="bbox 397 900 1443 989; baseline -0.001 -22"><span class='ocrx_word' id='word_1_11' title='bbox 397 903 479 967; x_wconf 89' lang='lat' dir='ltr'><strong>enim</strong></span> <span class='ocrx_word' id='word_1_12' title='bbox 530 924 614 967; x_wconf 82' lang='lat' dir='ltr'><strong>anno</strong></span> <span class='ocrx_word' id='word_1_13' title='bbox 655 926 832 968; x_wconf 81' lang='lat' dir='ltr'><strong>nccconxnr</strong></span> <span class='ocrx_word' id='word_1_14' title='bbox 876 913 1044 968; x_wconf 74' lang='lat' dir='ltr'><strong>exoratum</strong></span> <span class='ocrx_word' id='word_1_15' title='bbox 1092 925 1163 967; x_wconf 86' lang='lat' dir='ltr'><strong>csse</strong></span> <span class='ocrx_word' id='word_1_16' title='bbox 1204 902 1305 989; x_wconf 87' lang='lat' dir='ltr'><strong>ipsius</strong></span> <span class='ocrx_word' id='word_1_17' title='bbox 1353 900 1443 967; x_wconf 86' lang='lat' dir='ltr'><strong>subs·</strong></span> 
     </span>
     <span class='ocr_line' id='line_1_4' title="bbox 396 1017 1443 1109; baseline -0.002 -26"><span class='ocrx_word' id='word_1_18' title='bbox 396 1020 554 1106; x_wconf 88' lang='lat' dir='ltr'><strong>criptione</strong></span> <span class='ocrx_word' id='word_1_19' title='bbox 574 1018 729 1083; x_wconf 86' lang='lat' dir='ltr'><strong>docemur</strong></span> <span class='ocrx_word' id='word_1_20' title='bbox 749 1043 756 1083; x_wconf 92' lang='lat'><strong>:</strong></span> <span class='ocrx_word' id='word_1_21' title='bbox 779 1018 1032 1085; x_wconf 78' lang='lat' dir='ltr'><strong>Ricoerdisnum</strong></span> <span class='ocrx_word' id='word_1_22' title='bbox 1056 1029 1163 1084; x_wconf 82' lang='lat' dir='ltr'><strong>eutem</strong></span> <span class='ocrx_word' id='word_1_23' title='bbox 1187 1017 1314 1109; x_wconf 77' lang='lat' dir='ltr'><strong>Detuno</strong></span> <span class='ocrx_word' id='word_1_24' title='bbox 1335 1027 1443 1083; x_wconf 77' lang='lat' dir='ltr'><strong>aetate</strong></span> 
     </span>
     <span class='ocr_line' id='line_1_5' title="bbox 396 1132 1444 1222; baseline 0.002 -25"><span class='ocrx_word' id='word_1_25' title='bbox 396 1132 491 1199; x_wconf 80' lang='lat' dir='ltr'><strong>otium</strong></span> <span class='ocrx_word' id='word_1_26' title='bbox 522 1135 679 1199; x_wconf 84' lang='lat' dir='ltr'><strong>minorem</strong></span> <span class='ocrx_word' id='word_1_27' title='bbox 704 1155 773 1199; x_wconf 86' lang='lat' dir='ltr'><strong>esse</strong></span> <span class='ocrx_word' id='word_1_28' title='bbox 794 1134 984 1200; x_wconf 85' lang='lat' dir='ltr'><strong>Theodorus</strong></span> <span class='ocrx_word' id='word_1_29' title='bbox 1004 1134 1148 1222; x_wconf 86' lang='lat' dir='ltr'><strong>Hoysius</strong></span> <span class='ocrx_word' id='word_1_30' title='bbox 1167 1134 1202 1199; x_wconf 87' lang='lat' dir='ltr'><strong>in</strong></span> <span class='ocrx_word' id='word_1_31' title='bbox 1223 1135 1363 1201; x_wconf 82' lang='lat' dir='ltr'><strong>editione</strong></span> <span class='ocrx_word' id='word_1_32' title='bbox 1383 1156 1444 1199; x_wconf 81' lang='lat' dir='ltr'><strong>suo</strong></span> 
     </span>
     <span class='ocr_line' id='line_1_6' title="bbox 395 1250 1442 1338; baseline 0 -23"><span class='ocrx_word' id='word_1_33' title='bbox 395 1272 425 1336; x_wconf 88' lang='lat' dir='ltr'><strong>p.</strong></span> <span class='ocrx_word' id='word_1_34' title='bbox 443 1251 506 1315; x_wconf 80' lang='lat'><strong>296</strong></span> <span class='ocrx_word' id='word_1_35' title='bbox 529 1251 704 1317; x_wconf 78' lang='lat' dir='ltr'><strong>ednotsuit.</strong></span> <span class='ocrx_word' id='word_1_36' title='bbox 748 1250 852 1338; x_wconf 86' lang='lat' dir='ltr'><strong>quid‘?</strong></span> <span class='ocrx_word' id='word_1_37' title='bbox 872 1251 960 1338; x_wconf 90' lang='lat' dir='ltr'><strong>quod</strong></span> <span class='ocrx_word' id='word_1_38' title='bbox 982 1250 1077 1315; x_wconf 81' lang='lat' dir='ltr'><strong>etiam</strong></span> <span class='ocrx_word' id='word_1_39' title='bbox 1089 1251 1302 1319; x_wconf 79' lang='lat' dir='ltr'><strong>Ouinoianum</strong></span> <span class='ocrx_word' id='word_1_40' title='bbox 1324 1252 1442 1316; x_wconf 84' lang='lat' dir='ltr'><strong>librum</strong></span> 
     </span>
     <span class='ocr_line' id='line_1_7' title="bbox 396 1367 1444 1455; baseline 0 -22"><span class='ocrx_word' id='word_1_41' title='bbox 396 1368 527 1433; x_wconf 83' lang='lat' dir='ltr'><strong>Deteno</strong></span> <span class='ocrx_word' id='word_1_42' title='bbox 550 1371 761 1433; x_wconf 79' lang='lat' dir='ltr'><strong>recentiorem</strong></span> <span class='ocrx_word' id='word_1_43' title='bbox 784 1388 854 1431; x_wconf 88' lang='lat' dir='ltr'><strong>esse</strong></span> <span class='ocrx_word' id='word_1_44' title='bbox 875 1391 916 1432; x_wconf 83' lang='lat' dir='ltr'><strong>ex</strong></span> <span class='ocrx_word' id='word_1_45' title='bbox 937 1368 986 1433; x_wconf 85' lang='lat' dir='ltr'><strong>his</strong></span> <span class='ocrx_word' id='word_1_46' title='bbox 1007 1378 1098 1455; x_wconf 83' lang='lat' dir='ltr'><strong>potet</strong></span> <span class='ocrx_word' id='word_1_47' title='bbox 1117 1370 1247 1455; x_wconf 78' lang='lat' dir='ltr'><strong>quaein</strong></span> <span class='ocrx_word' id='word_1_48' title='bbox 1263 1367 1444 1453; x_wconf 72' lang='lat' dir='ltr'><strong>scaligero·</strong></span> 
     </span>
     <span class='ocr_line' id='line_1_8' title="bbox 395 1484 1444 1571; baseline 0.002 -24"><span class='ocrx_word' id='word_1_49' title='bbox 395 1484 445 1547; x_wconf 89' lang='lat' dir='ltr'><strong>nis</strong></span> <span class='ocrx_word' id='word_1_50' title='bbox 466 1508 492 1548; x_wconf 90' lang='lat' dir='ltr'><strong>s.</strong></span> <span class='ocrx_word' id='word_1_51' title='bbox 515 1506 544 1547; x_wconf 89' lang='lat' dir='ltr'><strong>u.</strong></span> <span class='ocrx_word' id='word_1_52' title='bbox 567 1485 673 1567; x_wconf 64' lang='lat' dir='ltr'><strong>linquo</strong></span> <span class='ocrx_word' id='word_1_53' title='bbox 699 1508 729 1570; x_wconf 91' lang='lat' dir='ltr'><strong>p.</strong></span> <span class='ocrx_word' id='word_1_54' title='bbox 750 1484 814 1549; x_wconf 81' lang='lat'><strong>240</strong></span> <span class='ocrx_word' id='word_1_55' title='bbox 843 1486 945 1550; x_wconf 76' lang='lat' dir='ltr'><strong>relate</strong></span> <span class='ocrx_word' id='word_1_56' title='bbox 974 1495 1049 1549; x_wconf 87' lang='lat' dir='ltr'><strong>sunt</strong></span> <span class='ocrx_word' id='word_1_57' title='bbox 1078 1485 1133 1568; x_wconf 83' lang='lat' dir='ltr'><strong>(cf.</strong></span> <span class='ocrx_word' id='word_1_58' title='bbox 1155 1485 1182 1549; x_wconf 93' lang='grc' dir='ltr'><strong>Ι.</strong></span> <span class='ocrx_word' id='word_1_59' title='bbox 1204 1485 1373 1571; x_wconf 84' lang='lat' dir='ltr'><strong>Bernaysii</strong></span> <span class='ocrx_word' id='word_1_60' title='bbox 1402 1484 1444 1549; x_wconf 88' lang='lat' dir='ltr'><strong>de</strong></span> 
     </span>
     <span class='ocr_line' id='line_1_9' title="bbox 396 1598 1444 1687; baseline 0 -23"><span class='ocrx_word' id='word_1_61' title='bbox 396 1598 662 1687; x_wconf 74' lang='lat' dir='ltr'><strong>1.1.soa1igero</strong></span> <span class='ocrx_word' id='word_1_62' title='bbox 691 1623 721 1687; x_wconf 88' lang='lat' dir='ltr'><strong>p.</strong></span> <span class='ocrx_word' id='word_1_63' title='bbox 746 1601 973 1683; x_wconf 66' lang='lat' dir='ltr'><strong>routzuurt.</strong></span> <span class='ocrx_word' id='word_1_64' title='bbox 1000 1615 1043 1666; x_wconf 82' lang='lat' dir='ltr'><strong>est</strong></span> <span class='ocrx_word' id='word_1_65' title='bbox 1069 1603 1105 1666; x_wconf 78' lang='lat' dir='ltr'><strong>in</strong></span> <span class='ocrx_word' id='word_1_66' title='bbox 1135 1614 1268 1665; x_wconf 79' lang='lat' dir='ltr'><strong>ueterum</strong></span> <span class='ocrx_word' id='word_1_67' title='bbox 1298 1602 1444 1665; x_wconf 81' lang='lat' dir='ltr'><strong>librorum</strong></span> 
     </span>
     <span class='ocr_line' id='line_1_10' title="bbox 396 1716 1447 1806; baseline 0.001 -26"><span class='ocrx_word' id='word_1_68' title='bbox 396 1718 565 1781; x_wconf 78' lang='lat' dir='ltr'><strong>conlatrone</strong></span> <span class='ocrx_word' id='word_1_69' title='bbox 587 1716 711 1803; x_wconf 78' lang='lat' dir='ltr'><strong>Ioreplro</strong></span> <span class='ocrx_word' id='word_1_70' title='bbox 739 1716 896 1806; x_wconf 77' lang='lat' dir='ltr'><strong>Soolipero</strong></span> <span class='ocrx_word' id='word_1_71' title='bbox 922 1718 1101 1803; x_wconf 69' lang='lat' dir='ltr'><strong>expeditior</strong></span> <span class='ocrx_word' id='word_1_72' title='bbox 1126 1742 1164 1781; x_wconf 82' lang='lat' dir='ltr'><strong>oc</strong></span> <span class='ocrx_word' id='word_1_73' title='bbox 1189 1718 1378 1802; x_wconf 76' lang='lat' dir='ltr'><strong>promptior,</strong></span> <span class='ocrx_word' id='word_1_74' title='bbox 1411 1729 1447 1781; x_wconf 80' lang='lat' dir='ltr'><strong>ut</strong></span> 
     </span>
     <span class='ocr_line' id='line_1_11' title="bbox 395 1834 1444 1920; baseline 0 -23"><span class='ocrx_word' id='word_1_75' title='bbox 395 1838 425 1897; x_wconf 82' lang='lat' dir='ltr'><strong>in</strong></span> <span class='ocrx_word' id='word_1_76' title='bbox 446 1836 543 1897; x_wconf 69' lang='lat' dir='ltr'><strong>ocelim</strong></span> <span class='ocrx_word' id='word_1_77' title='bbox 571 1834 685 1901; x_wconf 73' lang='lat' dir='ltr'><strong>Catulli</strong></span> <span class='ocrx_word' id='word_1_78' title='bbox 709 1835 825 1899; x_wconf 63' lang='lat' dir='ltr'><strong>tibulli</strong></span> <span class='ocrx_word' id='word_1_79' title='bbox 844 1838 1004 1920; x_wconf 71' lang='lat' dir='ltr'><strong>Propertii</strong></span> <span class='ocrx_word' id='word_1_80' title='bbox 1032 1858 1127 1899; x_wconf 79' lang='lat' dir='ltr'><strong>monn</strong></span> <span class='ocrx_word' id='word_1_81' title='bbox 1153 1839 1267 1917; x_wconf 82' lang='lat' dir='ltr'><strong>scripto</strong></span> <span class='ocrx_word' id='word_1_82' title='bbox 1292 1834 1396 1919; x_wconf 76' lang='lat' dir='ltr'><strong>ild‘que</strong></span> <span class='ocrx_word' id='word_1_83' title='bbox 1423 1858 1444 1897; x_wconf 86' lang='lat' dir='ltr'><em>a</em></span> 
     </span>
     <span class='ocr_line' id='line_1_12' title="bbox 395 1950 1445 2037; baseline 0.003 -24"><span class='ocrx_word' id='word_1_84' title='bbox 395 1952 512 2013; x_wconf 78' lang='lat' dir='ltr'><strong>dommo</strong></span> <span class='ocrx_word' id='word_1_85' title='bbox 535 1950 662 2015; x_wconf 71' lang='lat' dir='ltr'><strong>Oueocio</strong></span> <span class='ocrx_word' id='word_1_86' title='bbox 683 1952 777 2015; x_wconf 64' lang='lat' dir='ltr'><strong>moeso</strong></span> <span class='ocrx_word' id='word_1_87' title='bbox 806 1951 975 2026; x_wconf 70' lang='lat' dir='ltr'><strong>obseruari,</strong></span> <span class='ocrx_word' id='word_1_88' title='bbox 997 1974 1083 2037; x_wconf 80' lang='lat' dir='ltr'><strong>quem</strong></span> <span class='ocrx_word' id='word_1_89' title='bbox 1105 1955 1189 2016; x_wconf 78' lang='lat' dir='ltr'><strong>intro</strong></span> <span class='ocrx_word' id='word_1_90' title='bbox 1210 1951 1289 2016; x_wconf 82' lang='lat' dir='ltr'><strong>duos</strong></span> <span class='ocrx_word' id='word_1_91' title='bbox 1308 1964 1364 2014; x_wconf 84' lang='lat' dir='ltr'><strong>out</strong></span> <span class='ocrx_word' id='word_1_92' title='bbox 1381 1963 1445 2016; x_wconf 82' lang='lat' dir='ltr'><strong>tres</strong></span> 
     </span>
     <span class='ocr_line' id='line_1_13' title="bbox 395 2065 1445 2151; baseline 0.002 -22"><span class='ocrx_word' id='word_1_93' title='bbox 395 2065 611 2131; x_wconf 74' lang='lat' dir='ltr'><strong>adremmon</strong></span> <span class='ocrx_word' id='word_1_94' title='bbox 637 2066 704 2131; x_wconf 79' lang='lat' dir='ltr'><strong>dies</strong></span> <span class='ocrx_word' id='word_1_95' title='bbox 732 2091 798 2131; x_wconf 80' lang='lat' dir='ltr'><strong>oum</strong></span> <span class='ocrx_word' id='word_1_96' title='bbox 820 2072 879 2131; x_wconf 78' lang='lat' dir='ltr'><strong>soie</strong></span> <span class='ocrx_word' id='word_1_97' title='bbox 899 2069 1031 2132; x_wconf 76' lang='lat' dir='ltr'><strong>contulit.</strong></span> <span class='ocrx_word' id='word_1_98' title='bbox 1074 2068 1131 2132; x_wconf 77' lang='lat' dir='ltr'><strong>hoo</strong></span> <span class='ocrx_word' id='word_1_99' title='bbox 1159 2080 1257 2132; x_wconf 71' lang='lat' dir='ltr'><strong>cutm</strong></span> <span class='ocrx_word' id='word_1_100' title='bbox 1286 2068 1445 2151; x_wconf 70' lang='lat' dir='ltr'><strong>exemplar</strong></span> 
     </span>
     <span class='ocr_line' id='line_1_14' title="bbox 395 2183 1445 2269; baseline 0.002 -24"><span class='ocrx_word' id='word_1_101' title='bbox 395 2184 575 2267; x_wconf 61' lang='lat' dir='ltr'><strong>decerptum</strong></span> <span class='ocrx_word' id='word_1_102' title='bbox 603 2196 669 2247; x_wconf 83' lang='lat' dir='ltr'><strong>erat</strong></span> <span class='ocrx_word' id='word_1_103' title='bbox 702 2207 784 2248; x_wconf 83' lang='lat' dir='ltr'><strong>anno</strong></span> <span class='ocrx_word' id='word_1_104' title='bbox 811 2186 929 2247; x_wconf 72' lang='lat' dir='ltr'><strong>dommi</strong></span> <span class='ocrx_word' id='word_1_105' title='bbox 953 2208 1162 2251; x_wconf 81' lang='lat' dir='ltr'><strong>ncoocnxvnrr</strong></span> <span class='ocrx_word' id='word_1_106' title='bbox 1184 2183 1393 2269; x_wconf 76' lang='lat' dir='ltr'><strong>Nemooeiqne</strong></span> <span class='ocrx_word' id='word_1_107' title='bbox 1422 2208 1445 2247; x_wconf 87' lang='lat' dir='ltr'><strong>o</strong></span> 
     </span>
     <span class='ocr_line' id='line_1_15' title="bbox 396 2298 1445 2389; baseline -0.001 -26"><span class='ocrx_word' id='word_1_108' title='bbox 396 2299 520 2364; x_wconf 69' lang='lat' dir='ltr'><strong>domnizo</strong></span> <span class='ocrx_word' id='word_1_109' title='bbox 543 2298 674 2364; x_wconf 77' lang='lat' dir='ltr'><strong>Ouiooe&#39;o</strong></span> <span class='ocrx_word' id='word_1_110' title='bbox 695 2305 848 2365; x_wconf 79' lang='lat' dir='ltr'><strong>inuentum</strong></span> <span class='ocrx_word' id='word_1_111' title='bbox 869 2312 922 2365; x_wconf 85' lang='lat' dir='ltr'><strong>est.</strong></span> <span class='ocrx_word' id='word_1_112' title='bbox 965 2301 1081 2367; x_wconf 87' lang='lat' dir='ltr'><strong>deinde</strong></span> <span class='ocrx_word' id='word_1_113' title='bbox 1103 2322 1199 2382; x_wconf 87' lang='lat' dir='ltr'><strong>uero,</strong></span> <span class='ocrx_word' id='word_1_114' title='bbox 1229 2312 1265 2365; x_wconf 87' lang='lat' dir='ltr'><strong>nt</strong></span> <span class='ocrx_word' id='word_1_115' title='bbox 1293 2300 1370 2389; x_wconf 89' lang='lat' dir='ltr'><strong>quid</strong></span> <span class='ocrx_word' id='word_1_116' title='bbox 1403 2300 1445 2363; x_wconf 90' lang='lat' dir='ltr'><strong>de</strong></span> 
     </span>
     <span class='ocr_line' id='line_1_16' title="bbox 396 2416 1444 2499; baseline 0 -18"><span class='ocrx_word' id='word_1_117' title='bbox 396 2417 587 2481; x_wconf 75' lang='lat' dir='ltr'><strong>auctoritate</strong></span> <span class='ocrx_word' id='word_1_118' title='bbox 609 2416 763 2482; x_wconf 86' lang='lat' dir='ltr'><strong>librorum</strong></span> <span class='ocrx_word' id='word_1_119' title='bbox 786 2419 913 2483; x_wconf 88' lang='lat' dir='ltr'><strong>illorum</strong></span> <span class='ocrx_word' id='word_1_120' title='bbox 936 2418 1143 2483; x_wconf 76' lang='lat' dir='ltr'><strong>statuendum</strong></span> <span class='ocrx_word' id='word_1_121' title='bbox 1164 2416 1206 2482; x_wconf 87' lang='lat' dir='ltr'><strong>sit</strong></span> <span class='ocrx_word' id='word_1_122' title='bbox 1226 2417 1379 2499; x_wconf 74' lang='lat' dir='ltr'><strong>adferam,</strong></span> <span class='ocrx_word' id='word_1_123' title='bbox 1402 2417 1444 2481; x_wconf 89' lang='lat' dir='ltr'><strong>de</strong></span> 
     </span>
    </p>
   </div>
   <div class='ocr_carea' id='block_1_3' title="bbox 359 2518 1445 2622">
    <p class='ocr_par' dir='ltr' id='par_1_3' title="bbox 359 2518 1445 2622">
     <span class='ocr_line' id='line_1_17' title="bbox 359 2518 1445 2622; baseline 0.002 -26"><span class='ocrx_word' id='word_1_124' title='bbox 359 2518 362 2525; x_wconf 45' lang='lat'>⁵</span> <span class='ocrx_word' id='word_1_125' title='bbox 394 2531 476 2597; x_wconf 93' lang='lat' dir='ltr'><strong>libro</strong></span> <span class='ocrx_word' id='word_1_126' title='bbox 499 2532 675 2600; x_wconf 80' lang='lat' dir='ltr'><strong>Ouiscisno</strong></span> <span class='ocrx_word' id='word_1_127' title='bbox 698 2534 926 2600; x_wconf 80' lang='lat' dir='ltr'><strong>Lachmauuue</strong></span> <span class='ocrx_word' id='word_1_128' title='bbox 947 2534 985 2598; x_wconf 86' lang='lat' dir='ltr'><strong>ud</strong></span> <span class='ocrx_word' id='word_1_129' title='bbox 1010 2534 1215 2622; x_wconf 81' lang='lat' dir='ltr'><strong>Propertium</strong></span> <span class='ocrx_word' id='word_1_130' title='bbox 1236 2556 1267 2621; x_wconf 91' lang='lat' dir='ltr'><strong>p.</strong></span> <span class='ocrx_word' id='word_1_131' title='bbox 1283 2556 1336 2598; x_wconf 83' lang='lat' dir='ltr'><strong>xrn</strong></span> <span class='ocrx_word' id='word_1_132' title='bbox 1358 2557 1445 2600; x_wconf 84' lang='lat' dir='ltr'><strong>enno</strong></span> 
     </span>
    </p>
   </div>
   <div class='ocr_carea' id='block_1_4' title="bbox 394 2649 1449 4234">
    <p class='ocr_par' dir='ltr' id='par_1_4' title="bbox 394 2649 1449 4234">
     <span class='ocr_line' id='line_1_18' title="bbox 394 2649 1445 2739; baseline -0.002 -21"><span class='ocrx_word' id='word_1_133' title='bbox 394 2675 541 2719; x_wconf 77' lang='lat' dir='ltr'><strong>nnccoxv</strong></span> <span class='ocrx_word' id='word_1_134' title='bbox 563 2653 642 2716; x_wconf 79' lang='lat' dir='ltr'><strong>hoec</strong></span> <span class='ocrx_word' id='word_1_135' title='bbox 658 2651 806 2738; x_wconf 78' lang='lat' dir='ltr'><strong>scripsit:</strong></span> <span class='ocrx_word' id='word_1_136' title='bbox 827 2655 902 2716; x_wconf 80' lang='lat' dir='ltr'><strong>idem</strong></span> <span class='ocrx_word' id='word_1_137' title='bbox 915 2649 1058 2739; x_wconf 74' lang='lat' dir='ltr'><strong>floctiper</strong></span> <span class='ocrx_word' id='word_1_138' title='bbox 1071 2651 1175 2715; x_wconf 84' lang='lat' dir='ltr'><strong>codice</strong></span> <span class='ocrx_word' id='word_1_139' title='bbox 1193 2650 1239 2715; x_wconf 84' lang='lat' dir='ltr'><strong>od</strong></span> <span class='ocrx_word' id='word_1_140' title='bbox 1252 2653 1445 2736; x_wconf 75' lang='lat' dir='ltr'><strong>Propertium</strong></span> 
     </span>
     <span class='ocr_line' id='line_1_19' title="bbox 395 2767 1445 2855; baseline -0.002 -23"><span class='ocrx_word' id='word_1_141' title='bbox 395 2767 504 2852; x_wconf 85' lang='lat' dir='ltr'><strong>(sicuti</strong></span> <span class='ocrx_word' id='word_1_142' title='bbox 527 2767 567 2832; x_wconf 85' lang='lat' dir='ltr'><strong>sd</strong></span> <span class='ocrx_word' id='word_1_143' title='bbox 590 2767 753 2833; x_wconf 79' lang='lat' dir='ltr'><strong>Catullum</strong></span> <span class='ocrx_word' id='word_1_144' title='bbox 777 2769 922 2855; x_wconf 88' lang='lat' dir='ltr'><strong>qnoque)</strong></span> <span class='ocrx_word' id='word_1_145' title='bbox 944 2768 1160 2832; x_wconf 82' lang='lat' dir='ltr'><strong>recensendum</strong></span> <span class='ocrx_word' id='word_1_146' title='bbox 1182 2790 1257 2831; x_wconf 80' lang='lat' dir='ltr'><strong>neor</strong></span> <span class='ocrx_word' id='word_1_147' title='bbox 1277 2781 1335 2849; x_wconf 85' lang='lat' dir='ltr'><strong>est,</strong></span> <span class='ocrx_word' id='word_1_148' title='bbox 1357 2789 1445 2854; x_wconf 80' lang='lat' dir='ltr'><strong>qoem</strong></span> 
     </span>
     <span class='ocr_line' id='line_1_20' title="bbox 395 2882 1444 2969; baseline 0 -21"><span class='ocrx_word' id='word_1_149' title='bbox 395 2886 640 2950; x_wconf 70' lang='lat' dir='ltr'><strong>recentissimum</strong></span> <span class='ocrx_word' id='word_1_150' title='bbox 663 2889 776 2969; x_wconf 75' lang='lat' dir='ltr'><strong>etipse</strong></span> <span class='ocrx_word' id='word_1_151' title='bbox 797 2886 846 2948; x_wconf 85' lang='lat' dir='ltr'><strong>or&#39;t</strong></span> <span class='ocrx_word' id='word_1_152' title='bbox 872 2885 927 2967; x_wconf 84' lang='lat' dir='ltr'><strong>(ot.</strong></span> <span class='ocrx_word' id='word_1_153' title='bbox 950 2883 1047 2948; x_wconf 80' lang='lat' dir='ltr'><strong>etiem</strong></span> <span class='ocrx_word' id='word_1_154' title='bbox 1068 2883 1217 2949; x_wconf 83' lang='lat' dir='ltr'><strong>Isoeoum</strong></span> <span class='ocrx_word' id='word_1_155' title='bbox 1239 2882 1390 2948; x_wconf 86' lang='lat' dir='ltr'><strong>Vossium</strong></span> <span class='ocrx_word' id='word_1_156' title='bbox 1411 2882 1444 2948; x_wconf 91' lang='lat' dir='ltr'><strong>in</strong></span> 
     </span>
     <span class='ocr_line' id='line_1_21' title="bbox 397 2999 1443 3088; baseline 0 -23"><span class='ocrx_word' id='word_1_157' title='bbox 397 2999 560 3088; x_wconf 87' lang='lat' dir='ltr'><strong>prooemio</strong></span> <span class='ocrx_word' id='word_1_158' title='bbox 584 3000 878 3081; x_wconf 81' lang='lat' dir='ltr'><strong>obseruationum),</strong></span> <span class='ocrx_word' id='word_1_159' title='bbox 907 3000 993 3065; x_wconf 86' lang='lat' dir='ltr'><strong>adde</strong></span> <span class='ocrx_word' id='word_1_160' title='bbox 1016 3000 1222 3086; x_wconf 67' lang='lat' dir='ltr'><strong>drterpohtrrm</strong></span> <span class='ocrx_word' id='word_1_161' title='bbox 1242 3025 1264 3065; x_wconf 88' lang='lat' dir='ltr'><strong>o</strong></span> <span class='ocrx_word' id='word_1_162' title='bbox 1284 3003 1370 3064; x_wconf 85' lang='lat' dir='ltr'><strong>docto</strong></span> <span class='ocrx_word' id='word_1_163' title='bbox 1390 3000 1443 3065; x_wconf 79' lang='lat' dir='ltr'><strong>do·</strong></span> 
     </span>
     <span class='ocr_line' id='line_1_22' title="bbox 394 3116 1446 3194; baseline -0.003 -11"><span class='ocrx_word' id='word_1_164' title='bbox 394 3120 488 3194; x_wconf 84' lang='lat' dir='ltr'><strong>mine,</strong></span> <span class='ocrx_word' id='word_1_165' title='bbox 510 3121 563 3182; x_wconf 84' lang='lat' dir='ltr'><strong>red</strong></span> <span class='ocrx_word' id='word_1_166' title='bbox 583 3142 650 3182; x_wconf 82' lang='lat' dir='ltr'><strong>cnm</strong></span> <span class='ocrx_word' id='word_1_167' title='bbox 671 3123 778 3182; x_wconf 80' lang='lat' dir='ltr'><strong>ceteris</strong></span> <span class='ocrx_word' id='word_1_168' title='bbox 800 3117 919 3182; x_wconf 68' lang='lat' dir='ltr'><strong>Itolror&#39;e</strong></span> <span class='ocrx_word' id='word_1_169' title='bbox 938 3140 1013 3182; x_wconf 83' lang='lat' dir='ltr'><strong>roro</strong></span> <span class='ocrx_word' id='word_1_170' title='bbox 1027 3121 1260 3182; x_wconf 68' lang='lat' dir='ltr'><strong>consentientem</strong></span> <span class='ocrx_word' id='word_1_171' title='bbox 1283 3116 1446 3181; x_wconf 76' lang='lat' dir='ltr'><strong>Volents&#39;oe</strong></span> 
     </span>
     <span class='ocr_line' id='line_1_23' title="bbox 397 3233 1446 3318; baseline -0.003 -19"><span class='ocrx_word' id='word_1_172' title='bbox 397 3236 552 3300; x_wconf 76' lang='lat' dir='ltr'><strong>Cauarum</strong></span> <span class='ocrx_word' id='word_1_173' title='bbox 584 3238 623 3298; x_wconf 85' lang='lat' dir='ltr'><strong>ab</strong></span> <span class='ocrx_word' id='word_1_174' title='bbox 645 3234 758 3300; x_wconf 80' lang='lat' dir='ltr'><strong>Iacobo</strong></span> <span class='ocrx_word' id='word_1_175' title='bbox 782 3233 907 3298; x_wconf 72' lang='lat' dir='ltr'><strong>Gomon</strong></span> <span class='ocrx_word' id='word_1_176' title='bbox 933 3235 1154 3298; x_wconf 79' lang='lat' dir='ltr'><strong>commodatum</strong></span> <span class='ocrx_word' id='word_1_177' title='bbox 1178 3235 1336 3318; x_wconf 74' lang='lat' dir='ltr'><strong>occepisse</strong></span> <span class='ocrx_word' id='word_1_178' title='bbox 1354 3245 1446 3296; x_wconf 67' lang='lat' dir='ltr'><strong>meta·</strong></span> 
     </span>
     <span class='ocr_line' id='line_1_24' title="bbox 395 3349 1446 3438; baseline -0.001 -22"><span class='ocrx_word' id='word_1_179' title='bbox 395 3363 443 3416; x_wconf 81' lang='lat' dir='ltr'><strong>ror</strong></span> <span class='ocrx_word' id='word_1_180' title='bbox 463 3352 670 3416; x_wconf 77' lang='lat' dir='ltr'><strong>ad12012.</strong></span> <span class='ocrx_word' id='word_1_181' title='bbox 723 3361 892 3438; x_wconf 77' lang='lat' dir='ltr'><strong>praetereo</strong></span> <span class='ocrx_word' id='word_1_182' title='bbox 923 3351 998 3415; x_wconf 87' lang='lat' dir='ltr'><strong>uide</strong></span> <span class='ocrx_word' id='word_1_183' title='bbox 1029 3373 1114 3438; x_wconf 84' lang='lat' dir='ltr'><strong>quse</strong></span> <span class='ocrx_word' id='word_1_184' title='bbox 1146 3349 1373 3414; x_wconf 74' lang='lat' dir='ltr'><strong>Lachmanncs</strong></span> <span class='ocrx_word' id='word_1_185' title='bbox 1404 3349 1446 3415; x_wconf 84' lang='lat' dir='ltr'><strong>od</strong></span> 
     </span>
     <span class='ocr_line' id='line_1_25' title="bbox 396 3465 1447 3554; baseline -0.001 -22"><span class='ocrx_word' id='word_1_186' title='bbox 396 3465 515 3532; x_wconf 77' lang='lat' dir='ltr'><strong>Catulli</strong></span> <span class='ocrx_word' id='word_1_187' title='bbox 537 3485 624 3532; x_wconf 77' lang='lat' dir='ltr'><strong>anu</strong></span> <span class='ocrx_word' id='word_1_188' title='bbox 646 3467 708 3531; x_wconf 74' lang='lat'><strong>273</strong></span> <span class='ocrx_word' id='word_1_189' title='bbox 739 3477 772 3532; x_wconf 86' lang='lat' dir='ltr'><strong>et</strong></span> <span class='ocrx_word' id='word_1_190' title='bbox 800 3487 893 3532; x_wconf 77' lang='lat' dir='ltr'><strong>uxxv</strong></span> <span class='ocrx_word' id='word_1_191' title='bbox 916 3468 932 3530; x_wconf 93' lang='lat'>1</span> <span class='ocrx_word' id='word_1_192' title='bbox 955 3476 988 3530; x_wconf 86' lang='lat' dir='ltr'><strong>et</strong></span> <span class='ocrx_word' id='word_1_193' title='bbox 1010 3467 1170 3554; x_wconf 80' lang='lat' dir='ltr'><strong>Hauptius</strong></span> <span class='ocrx_word' id='word_1_194' title='bbox 1196 3467 1230 3532; x_wconf 89' lang='lat' dir='ltr'><strong>in</strong></span> <span class='ocrx_word' id='word_1_195' title='bbox 1252 3467 1447 3552; x_wconf 77' lang='lat' dir='ltr'><strong>quaestioni·</strong></span> 
     </span>
     <span class='ocr_line' id='line_1_26' title="bbox 396 3582 1448 3672; baseline 0 -24"><span class='ocrx_word' id='word_1_196' title='bbox 396 3584 455 3650; x_wconf 85' lang='lat' dir='ltr'><strong>bue</strong></span> <span class='ocrx_word' id='word_1_197' title='bbox 471 3582 661 3649; x_wconf 77' lang='lat' dir='ltr'><strong>Catullianis</strong></span> <span class='ocrx_word' id='word_1_198' title='bbox 683 3608 714 3672; x_wconf 92' lang='lat' dir='ltr'><strong>p.</strong></span> <span class='ocrx_word' id='word_1_199' title='bbox 730 3584 771 3648; x_wconf 89' lang='grc'><strong>39</strong></span> <span class='ocrx_word' id='word_1_200' title='bbox 793 3583 998 3649; x_wconf 75' lang='lat' dir='ltr'><strong>adnotarunt</strong></span> <span class='ocrx_word' id='word_1_201' title='bbox 1041 3583 1152 3670; x_wconf 81' lang='lat' dir='ltr'><strong>itaque</strong></span> <span class='ocrx_word' id='word_1_202' title='bbox 1169 3584 1374 3649; x_wconf 80' lang='lat' dir='ltr'><strong>manifestum</strong></span> <span class='ocrx_word' id='word_1_203' title='bbox 1397 3594 1448 3648; x_wconf 89' lang='lat' dir='ltr'><strong>est</strong></span> 
     </span>
     <span class='ocr_line' id='line_1_27' title="bbox 395 3699 1448 3787; baseline 0 -23"><span class='ocrx_word' id='word_1_204' title='bbox 395 3699 489 3764; x_wconf 88' lang='lat' dir='ltr'><strong>huius</strong></span> <span class='ocrx_word' id='word_1_205' title='bbox 511 3699 582 3765; x_wconf 87' lang='lat' dir='ltr'><strong>libri</strong></span> <span class='ocrx_word' id='word_1_206' title='bbox 605 3699 666 3764; x_wconf 82' lang='lat' dir='ltr'><strong>hnc</strong></span> <span class='ocrx_word' id='word_1_207' title='bbox 686 3700 719 3764; x_wconf 90' lang='lat' dir='ltr'><strong>in</strong></span> <span class='ocrx_word' id='word_1_208' title='bbox 743 3723 778 3764; x_wconf 88' lang='lat' dir='ltr'><strong>re</strong></span> <span class='ocrx_word' id='word_1_209' title='bbox 801 3700 1019 3764; x_wconf 81' lang='lat' dir='ltr'><strong>testimonium</strong></span> <span class='ocrx_word' id='word_1_210' title='bbox 1042 3699 1132 3766; x_wconf 84' lang='lat' dir='ltr'><strong>nihili</strong></span> <span class='ocrx_word' id='word_1_211' title='bbox 1158 3700 1320 3765; x_wconf 79' lang='lat' dir='ltr'><strong>aestimari</strong></span> <span class='ocrx_word' id='word_1_212' title='bbox 1342 3721 1448 3787; x_wconf 88' lang='lat' dir='ltr'><strong>posse.</strong></span> 
     </span>
     <span class='ocr_line' id='line_1_28' title="bbox 396 3815 1449 3883; baseline -0.002 -1"><span class='ocrx_word' id='word_1_213' title='bbox 396 3817 436 3883; x_wconf 87' lang='lat' dir='ltr'><strong>de</strong></span> <span class='ocrx_word' id='word_1_214' title='bbox 467 3817 594 3882; x_wconf 84' lang='lat' dir='ltr'><strong>Dateno</strong></span> <span class='ocrx_word' id='word_1_215' title='bbox 629 3825 736 3880; x_wconf 77' lang='lat' dir='ltr'><strong>autern</strong></span> <span class='ocrx_word' id='word_1_216' title='bbox 765 3827 798 3881; x_wconf 88' lang='lat' dir='ltr'><strong>et</strong></span> <span class='ocrx_word' id='word_1_217' title='bbox 827 3815 1041 3882; x_wconf 82' lang='lat' dir='ltr'><strong>Riooerdinno</strong></span> <span class='ocrx_word' id='word_1_218' title='bbox 1072 3816 1237 3881; x_wconf 78' lang='lat' dir='ltr'><strong>codicibus</strong></span> <span class='ocrx_word' id='word_1_219' title='bbox 1268 3817 1449 3882; x_wconf 80' lang='lat' dir='ltr'><strong>cauendum</strong></span> 
     </span>
     <span class='ocr_line' id='line_1_29' title="bbox 396 3933 1449 4019; baseline 0.001 -22"><span class='ocrx_word' id='word_1_220' title='bbox 396 3944 507 3998; x_wconf 87' lang='lat' dir='ltr'><strong>estne</strong></span> <span class='ocrx_word' id='word_1_221' title='bbox 529 3955 587 4019; x_wconf 92' lang='lat' dir='ltr'><strong>pro</strong></span> <span class='ocrx_word' id='word_1_222' title='bbox 609 3933 745 3999; x_wconf 85' lang='lat' dir='ltr'><strong>testibus</strong></span> <span class='ocrx_word' id='word_1_223' title='bbox 766 3934 894 3998; x_wconf 82' lang='lat' dir='ltr'><strong>duobos</strong></span> <span class='ocrx_word' id='word_1_224' title='bbox 917 3943 1136 4014; x_wconf 87' lang='lat' dir='ltr'><strong>numerentur,</strong></span> <span class='ocrx_word' id='word_1_225' title='bbox 1158 3955 1231 3998; x_wconf 85' lang='lat' dir='ltr'><strong>oum</strong></span> <span class='ocrx_word' id='word_1_226' title='bbox 1252 3943 1342 3998; x_wconf 79' lang='lat' dir='ltr'><strong>toute</strong></span> <span class='ocrx_word' id='word_1_227' title='bbox 1362 3935 1449 3998; x_wconf 87' lang='lat' dir='ltr'><strong>inter</strong></span> 
     </span>
     <span class='ocr_line' id='line_1_30' title="bbox 396 4049 1449 4136; baseline 0.002 -22"><span class='ocrx_word' id='word_1_228' title='bbox 396 4071 450 4116; x_wconf 90' lang='lat' dir='ltr'><strong>eos</strong></span> <span class='ocrx_word' id='word_1_229' title='bbox 473 4050 647 4116; x_wconf 88' lang='lat' dir='ltr'><strong>similitudo</strong></span> <span class='ocrx_word' id='word_1_230' title='bbox 671 4050 861 4131; x_wconf 84' lang='lat' dir='ltr'><strong>intercedet,</strong></span> <span class='ocrx_word' id='word_1_231' title='bbox 881 4059 918 4114; x_wconf 88' lang='lat' dir='ltr'><strong>ut</strong></span> <span class='ocrx_word' id='word_1_232' title='bbox 938 4049 1058 4116; x_wconf 79' lang='lat' dir='ltr'><strong>artiore</strong></span> <span class='ocrx_word' id='word_1_233' title='bbox 1082 4051 1221 4136; x_wconf 82' lang='lat' dir='ltr'><strong>quodem</strong></span> <span class='ocrx_word' id='word_1_234' title='bbox 1245 4049 1449 4136; x_wconf 78' lang='lat' dir='ltr'><strong>cognationis</strong></span> 
     </span>
     <span class='ocr_line' id='line_1_31' title="bbox 397 4163 1448 4234; baseline -0.001 0"><span class='ocrx_word' id='word_1_235' title='bbox 397 4165 526 4234; x_wconf 84' lang='lat' dir='ltr'><strong>uinculo</strong></span> <span class='ocrx_word' id='word_1_236' title='bbox 558 4163 750 4232; x_wconf 83' lang='lat' dir='ltr'><strong>coniunctos</strong></span> <span class='ocrx_word' id='word_1_237' title='bbox 782 4189 855 4232; x_wconf 86' lang='lat' dir='ltr'><strong>esse</strong></span> <span class='ocrx_word' id='word_1_238' title='bbox 886 4165 959 4230; x_wconf 87' lang='lat' dir='ltr'><strong>illos</strong></span> <span class='ocrx_word' id='word_1_239' title='bbox 987 4166 1086 4232; x_wconf 86' lang='lat' dir='ltr'><strong>libros</strong></span> <span class='ocrx_word' id='word_1_240' title='bbox 1121 4187 1253 4232; x_wconf 87' lang='lat' dir='ltr'><strong>necesse</strong></span> <span class='ocrx_word' id='word_1_241' title='bbox 1283 4167 1333 4232; x_wconf 86' lang='lat' dir='ltr'><strong>sit.</strong></span> <span class='ocrx_word' id='word_1_242' title='bbox 1385 4167 1448 4234; x_wconf 85' lang='lat' dir='ltr'><strong>hoo</strong></span> 
     </span>
    </p>
   </div>
   <div class='ocr_carea' id='block_1_5' title="bbox 0 0 1679 5200">
    <p class='ocr_par' dir='ltr' id='par_1_5' title="bbox 0 0 1679 5200">
     <span class='ocr_line' id='line_1_32' title="bbox 0 0 1679 5200; baseline 0 0"><span class='ocrx_word' id='word_1_243' title='bbox 0 0 1679 5200; x_wconf 95' lang='lat' dir='ltr'><strong> </strong></span> 
     </span>
    </p>
   </div>
  </div>
 </body>
</html>
