3342 5200
436 701 485 756 152
708 697 746 752 vl
779 697 828 752 DE
846 697 1025 752 molemus
1041 692 1194 750 cam

434 889 508 933 oum
529 874 566 933 ut
587 865 783 948 Terentium,
805 887 939 932 uxorem
963 865 1169 947 Maeeenstis,
1190 862 1394 950 designaret,
1419 885 1475 930 no·

435 982 531 1049 minis
559 981 690 1072 quidem
711 983 780 1046 eius
803 981 893 1070 qnod
913 981 969 1046 illa
988 981 1162 1071 adoptione
1182 991 1280 1048 nacta
1299 991 1371 1048 erat
1391 1003 1477 1047 men·

435 1123 543 1167 suram
563 1109 717 1182 seruaret,
739 1098 795 1165 sed
810 1100 948 1165 nominis
961 1100 1040 1164 noui
1057 1121 1170 1165 sonum
1192 1099 1234 1166 ad
1253 1098 1339 1165 illius
1361 1120 1478 1164 nomen

434 1217 555 1306 gentile
588 1217 764 1304 genuinum
792 1216 994 1283 Licinianum
1023 1224 1178 1304 aptaret:
1205 1217 1323 1282 etenim
1349 1217 1478 1303 Licym-

434 1325 520 1400 niam
543 1357 612 1399 eam
635 1332 809 1421 adpellauit
831 1333 887 1417 (ef.
909 1332 1098 1399 Buttmanni
1120 1332 1300 1420 mythologi
1322 1357 1329 1396 ι
1352 1333 1441 1417 343).

518 1450 624 1538 Supra
644 1473 717 1515 eum
733 1451 875 1516 carmine
889 1472 973 1536 quae
988 1448 1134 1516 Catullus
1155 1449 1188 1516 in
1202 1448 1336 1515 Furium
1351 1450 1480 1539 scripsit

435 1589 709 1649 enumeraremus,
728 1566 877 1632 carminis
898 1587 977 1632 xxva
998 1566 1083 1630 Fari
1100 1566 1212 1631 scillula
1232 1580 1337 1632 aesna
1355 1591 1418 1632 aon
1438 1569 1482 1632 ad

433 1688 545 1750 Aaslrr'
569 1707 634 1750 non
664 1685 857 1749 inmemores
886 1683 1015 1748 fuimus.
1056 1681 1119 1747 lroo
1146 1682 1210 1746 iam
1240 1704 1404 1749 sumemus
1433 1684 1479 1748 in·

432 1803 643 1870 lustrandum.
685 1821 758 1866 oum
771 1801 915 1889 quinque
934 1800 1036 1866 solnm
1051 1799 1200 1866 uersibus
1214 1809 1351 1884 constet,
1372 1809 1481 1867 totum

434 1920 486 1986 hio
507 1919 675 1986 excribere
694 1917 781 1983 lieet.

632 2086 721 2168 Fura',
742 2085 851 2150 nillum
871 2096 976 2149 uestro
995 2107 1055 2148 oon
1076 2085 1119 2148 ud
1138 2084 1240 2149 ausui

627 2201 723 2284 flatus
743 2201 884 2287 oppositu
906 2213 952 2265 est
970 2223 1067 2286 neque
1087 2199 1134 2264 od
1153 2198 1269 2280 fusoni

503 2383 507 2392 ,
630 2341 685 2383 neo
707 2323 794 2384 saeui
813 2319 920 2383 boreae
940 2331 995 2382 aul
1015 2319 1171 2403 apeliotes,

631 2459 735 2500 uerum
757 2437 799 2498 ad
818 2436 906 2499 milia
927 2434 1097 2522 qundecim
1120 2448 1148 2499 et
1167 2437 1310 2500 ducentos
1328 2456 1335 2497 ε

631 2564 787 2620 euentum
809 2553 981 2619 horribilem
1003 2564 1093 2640 atque
1111 2554 1298 2638 pessimum.

517 2736 553 2804 Si
585 2736 731 2802 codicum
763 2736 932 2802 leolionem
959 2750 1067 2802 matra
1086 2736 1120 2801 in
1148 2757 1245 2802 uersu
1275 2737 1481 2823 primosum

435 2854 604 2940 scaligero
620 2853 828 2919 Hotomenno
848 2853 965 2919 Vossio
981 2853 1101 2941 Vulpio
1117 2853 1245 2941 Silligio
1266 2854 1481 2922 Laehmanno

434 2971 578 3059 Hauptio
600 2969 759 3037 Teuffelio
782 2970 977 3059 probamus,
1008 2992 1137 3037 carmen
1167 2972 1230 3035 hoo
1262 2993 1301 3037 eo
1329 2981 1482 3061 tempore

433 3111 498 3176 quo
527 3086 674 3155 Catullus
706 3110 771 3153 non
800 3089 876 3153 dum
905 3112 979 3154 eum
1005 3089 1104 3154 Furio
1133 3087 1317 3155 inimicitias
1350 3089 1481 3175 inierat,

433 3206 585 3294 scriptum
622 3208 712 3291 (nam
745 3206 785 3272 de
823 3206 886 3273 alio
926 3207 1065 3294 quodam
1101 3205 1201 3272 Furio
1237 3228 1311 3271 oum
1346 3202 1480 3295 Silligio

434 3324 579 3409 cogitare
600 3331 711 3412 aptum
730 3324 873 3407 nonest)
895 3331 927 3387 et
941 3344 1013 3387 oum
1028 3322 1237 3388 Hotomsnno
1253 3322 1300 3389 ita
1314 3323 1482 3411 explican-

435 3440 510 3505 dum
536 3462 606 3505 esse
628 3440 755 3505 uidetur
777 3462 785 3504 :
807 3464 876 3505 oum
892 3440 1020 3523 Furias,
1042 3445 1095 3528 qui
1108 3439 1192 3525 forte
1211 3440 1257 3505 od
1280 3440 1347 3506 dies
1368 3444 1482 3529 aliquot

435 3559 574 3622 secedere
601 3559 635 3623 ἐπ
664 3557 781 3623 Catulli
797 3558 902 3623 ια’ἰῖαηι
929 3551 1085 3645 cupiebat,
1101 3581 1153 3623 ,er
1181 3581 1213 3622 eo
1234 3562 1396 3645 quoesissel
1425 3561 1485 3625 cui

434 3686 519 3739 uento
540 3687 567 3737 et
588 3677 665 3739 eaeli
680 3676 795 3763 piaque
822 3687 896 3740 esset
914 3676 1071 3761 opposito,
1099 3676 1215 3763 sestrice
1227 3689 1331 3761 -poetu
1350 3699 1390 3741 ex
1410 3700 1480 3741 am-

435 3791 583 3879 biqao'tule
602 3794 693 3857 uerbi
708 3787 901 3879 ‘opponendi',
922 3794 978 3857 eui
996 3794 1086 3858 ateium
1107 3815 1215 3858 senous
1236 3783 1484 3879 ‘oppriyaeranda”

434 3908 543 3983 onerat,
564 3908 664 3973 iocum
686 3915 816 3995 captans}
838 3933 878 3975 ao
896 3911 1056 3997 respondit
1075 3935 1135 3975 non
1154 3913 1211 3975 ulls'
1228 3923 1383 3975 uentorum
1405 3922 1479 3975 tem·

433 4025 549 4109 poetali
563 4024 708 4091 obiectum
723 4048 795 4104 ease,
818 4029 874 4091 aed
889 4041 949 4112 ,nro
970 4033 1133 4092 sestertium
1154 4026 1329 4115 quindecim
1351 4027 1479 4095 milibus

436 4152 464 4205 et
485 4140 620 4207 doceatis
639 4147 763 4230 piqnon·
779 4145 949 4237 opposeium
969 4167 1042 4224 esee.
1083 4144 1129 4211 ita
1150 4146 1385 4211 Hotomannus
1423 4148 1477 4213 oui

437 4256 644 4345 explicationi
674 4258 729 4347 qui
758 4270 926 4348 opponunt
945 4261 1109 4329 Catullum
1136 4247 1213 4328 sine
1232 4262 1331 4328 dubio
1353 4262 1477 4349 pudore
