3342 5200
312 650 361 700 008
511 646 587 697 vml
621 647 668 697 DE
685 645 845 697 CAESARE
863 644 1159 697 sustentaturus

311 833 374 899 quo
403 812 497 878 modo
525 834 602 877 uero
631 811 672 877 de
698 814 794 879 rebus
814 811 995 898 praeteritis
1017 818 1049 874 ct
1072 808 1230 875 confectis
1253 809 1360 874 timeri

310 927 445 1015 potest?
487 951 551 1016 qua
572 930 612 995 de
633 952 747 996 caussa
768 938 957 994 errauerunt
972 936 1132 1014 quotquot
1152 949 1286 992 carmen
1299 926 1359 990 boc

311 1056 385 1133 post
405 1048 543 1113 reditum
557 1048 741 1114 Mamurrae
761 1047 913 1135 scriptum
934 1068 1006 1111 esse
1027 1040 1226 1110 censuerunt
1248 1067 1256 1108 :
1277 1043 1360 1107 inter

310 1186 391 1251 quos
412 1163 632 1231 Mommsenus
655 1187 784 1253 quoque
804 1165 877 1247 fuit,
903 1163 957 1252 qui
979 1162 1105 1247 (histor.
1121 1161 1220 1226 Rom.
1238 1182 1268 1224 ιιι
1283 1160 1359 1240 315)

310 1280 508 1348 Mamurram
551 1283 642 1349 breui
684 1292 760 1349 ante
801 1304 898 1369 quam
934 1280 1081 1349 Catullus
1124 1300 1258 1344 carmen
1300 1276 1360 1342 hoc

310 1400 439 1487 scripsit
467 1400 593 1465 aedium
620 1399 653 1464 in
681 1398 794 1492 Caelio
820 1409 930 1464 monte
964 1398 1218 1463 extruendarum
1245 1417 1360 1460 caussa

310 1517 448 1582 Romam
463 1518 591 1582 uenisse
606 1516 749 1583 coniecit
765 1553 805 1565 -
819 1515 892 1581 huie
907 1515 1061 1602 temporis
1076 1511 1260 1578 definitioni
1278 1510 1359 1577 nihil

310 1655 417 1699 rerum
441 1657 524 1721 quae
546 1644 713 1721 praetcrea
741 1634 803 1698 hoc
829 1634 863 1697 in
891 1633 1033 1697 carmine
1060 1638 1360 1696 commemorantur

311 1750 427 1815 obstat.
471 1749 587 1815 etenim
602 1750 753 1837 praedam
768 1748 924 1815 Hiberam
938 1744 1044 1835 ‘quam
1066 1749 1127 1812 scit
1148 1747 1254 1811 amnis
1275 1746 1359 1811 auri-

309 1866 358 1930 fer
371 1860 494 1951 Tagus’
507 1866 569 1930 iam
585 1867 715 1932 Isaacus
726 1865 872 1942 Vossius,
887 1866 938 1930 cui
955 1866 1146 1951 interpretes
1159 1863 1358 1928 recentiores

310 1982 471 2070 astipulati
498 1994 590 2067 sunt,
617 1983 794 2049 rectissime
822 1981 976 2049 iudicauit
1002 1980 1175 2047 Caesarem
1205 2002 1358 2068 proprae-

309 2109 412 2166 torem
431 2100 607 2188 Hispaniae
635 2124 655 2166 s
683 2100 789 2165 medio
819 2100 888 2164 fere
919 2122 1003 2164 anno
1035 2098 1151 2176 693161
1181 2120 1289 2184 usque
1317 2096 1358 2162 ad

309 2217 449 2283 medium
476 2227 665 2306 sequentem
693 2220 727 2283 in
751 2217 863 2305 primis
885 2217 969 2283 hello
991 2216 1178 2283 Lusitanico
1199 2214 1264 2281 sibi
1286 2237 1358 2281 con·

309 2336 482 2421 parauisse.
533 2334 571 2399 cf.
605 2334 646 2399 de
677 2335 738 2401 hac
763 2333 885 2422 praeda
916 2334 1003 2399 locos
1034 2355 1114 2419 quos
1144 2331 1357 2398 Drumannus

309 2450 460 2517 historiae
487 2452 653 2517 Romanae
681 2476 713 2518 ιιι
742 2453 810 2517 188.
841 2453 902 2518 189
929 2450 1100 2538 congessit.
1143 2449 1236 2516 cuius
1267 2473 1357 2537 prae

310 2566 371 2635 dae
396 2570 524 2658 Tagum
553 2568 706 2653 fluuium,
741 2569 796 2658 qui
827 2593 886 2658 per
916 2568 1037 2635 medios
1068 2566 1243 2634 Lusitanos
1276 2567 1357 2650 fluit,

308 2686 389 2752 bene
419 2709 593 2753 memorem
621 2711 691 2753 esse
721 2687 868 2754 Catullus
897 2688 1059 2776 aptissime
1086 2687 1213 2752 finxit:
1241 2696 1357 2752 contra

307 2823 405 2888 quam
426 2803 563 2869 absurde
584 2806 710 2870 locutus
731 2815 833 2887 esset,
866 2803 893 2869 si
921 2815 978 2870 aut
998 2805 1117 2871 bellum
1138 2803 1356 2890 Hispanicum

307 2942 392 2984 anno
414 2920 530 2997 705149
557 2946 577 2987 a
599 2922 738 2988 Caesare
760 2944 835 2988 cum
855 2921 989 3008 Pompei
1017 2921 1133 3008 legatis
1154 2920 1192 2986 L
1216 2921 1355 2987 Afranio

308 3045 341 3102 st
361 3035 407 3101 Μ.
430 3037 560 3104 Petreio
581 3049 718 3126 gestum,
740 3062 823 3127 quac
845 3037 1012 3103 Parthenii
1034 3051 1066 3102 ct
1087 3038 1208 3103 Mureti
1229 3049 1354 3104 senten

307 3153 353 3217 tia
382 3163 450 3236 est,
481 3164 536 3220 aut
565 3156 685 3221 bellum
707 3156 923 3242 Hispanicum
952 3153 1039 3243 quod
1067 3175 1152 3218 anno
1181 3154 1302 3232 709l45
1322 3154 1354 3220 in

306 3267 442 3357 Pompei
462 3269 547 3336 filios
569 3274 646 3359 egit,
669 3295 752 3360 quae
773 3271 933 3359 Scaligcri
954 3271 1061 3360 opinio
1084 3279 1147 3348 est,
1169 3270 1354 3359 significare

307 3387 465 3453 uoluisset
486 3413 493 3453 :
514 3398 686 3478 utrumque
708 3389 792 3456 enim
814 3390 950 3472 bellum,
975 3413 1048 3456 cum
1069 3389 1146 3454 illud
1168 3390 1257 3476 apud
1278 3391 1353 3456 Iler-

308 3503 381 3568 dam
403 3504 444 3569 ad
463 3502 608 3589 Sicorim,
631 3507 739 3594 quiin
760 3507 892 3572 Iberum
914 3506 1097 3588 effunditur,
1120 3508 1216 3573 sitam
1238 3518 1273 3574 et
1294 3509 1352 3573 boc

307 3620 393 3706 apud
415 3619 588 3704 Mundam,
621 3645 704 3711 quae
725 3624 802 3690 urbs
824 3648 844 3689 a
866 3624 960 3690 Baeti
981 3625 1080 3689 fluvio
1100 3647 1167 3691 non
1189 3624 1236 3689 ita
1257 3624 1352 3712 longe

306 3735 407 3819 afuit,
427 3737 657 3821 conficeretur,
677 3741 711 3805 in
733 3741 919 3830 regionibus
938 3764 958 3806 a
978 3741 1072 3828 Tago
1093 3742 1286 3827 longissime
1307 3764 1351 3808 re·

306 3852 401 3917 motis
414 3863 542 3938 gestum
556 3866 613 3922 est.
656 3867 798 3923 ceterum
817 3860 915 3925 etiam
929 3869 1112 3948 temporum
1128 3860 1211 3925 ratio
1223 3860 1349 3926 illorum

306 3968 471 4033 sententiis
483 3973 611 4036 omnino
623 3974 813 4060 refragatur.
843 3975 1349 4066 tantumdepraedaHispanica.

225 4142 235 4159 ,
305 4082 348 4147 ds
368 4083 507 4183 Pontica·
523 4089 642 4173 praeda
657 4090 733 4155 item
746 4093 857 4157 uariae
872 4097 1064 4170 sententiae,
1080 4096 1252 4184 'rppositae
1268 4106 1347 4162 sunt.

306 4218 446 4291 namque
466 4199 658 4270 Parthenius
677 4206 843 4272 Palladius
865 4208 1011 4276 Muretus
1019 4118 1184 4323 §liger
1203 4214 1291 4282 illam
1312 4213 1348 4279 de
