3342 5200
469 677 546 732 Xl'ssl
579 679 627 732 DF}
646 673 803 734 caumas
821 677 951 732 xxxtm
1194 682 1244 732 058

100 873 115 910 ’ς-
170 846 325 935 mythol.
347 846 443 912 Rom.
466 869 496 932 p.
519 846 594 928 735)
617 848 741 934 positae
763 855 865 911 erant.
908 846 965 910 sed
987 870 1040 912 ars
1062 847 1157 934 plane
1178 846 1246 912 exi·

172 965 251 1028 mia
275 985 357 1050 qua,
386 973 419 1028 et
441 963 467 1027 si
489 972 591 1028 totum
615 973 648 1028 et
669 964 694 1029 si
718 965 847 1050 singula
868 962 1068 1044 consideras,
1090 963 1152 1028 hoc
1174 986 1242 1028 car

100 1111 112 1119 ·
173 1103 263 1144 men
297 1080 429 1146 excellit
460 1102 519 1146 nos
550 1102 617 1145 non
649 1080 725 1146 sinit
756 1080 906 1147 dubitare
934 1079 1010 1166 quin
1033 1078 1180 1151 Catullus
1209 1080 1243 1145 id

100 1233 105 1264 ,·
175 1197 315 1263 fecerit¹
347 1198 438 1263 annis
479 1205 512 1263 et
546 1218 606 1261 usu
642 1197 907 1283 experientiaque
943 1199 1051 1284 poesis
1086 1207 1240 1263 maturus.

178 1335 297 1404 neque
325 1314 420 1380 aliter
448 1314 488 1378 (le
518 1313 667 1379 carminis
689 1332 757 1378 Lxu
780 1315 887 1379 iudico
909 1324 1064 1401 tempore.
1107 1315 1187 1380 haec
1215 1314 1241 1378 si

179 1453 270 1496 uera
292 1439 384 1514 sunt,
415 1428 580 1497 Catullum
609 1429 759 1518 adparet,
782 1453 854 1496 cum
877 1430 1240 1506 ann0700l541ibrum

100 1585 104 1621 1
181 1569 283 1612 suum
322 1546 452 1630 ederet,
506 1545 609 1634 prima
651 1557 684 1612 et
719 1547 813 1612 rudia
848 1547 1009 1628 carmina,
1057 1571 1141 1635 quae
1176 1569 1241 1612 non

100 1717 105 1738 ,
180 1666 264 1729 dum
308 1664 386 1730 satis
422 1663 616 1729 exercitatus
652 1687 692 1730 ex
728 1663 865 1730 Graecis
901 1665 1134 1752 expressisset,
1175 1686 1239 1728 non

100 1821 103 1858 2
181 1781 375 1862 admisisse,
412 1780 469 1846 sed
505 1803 609 1867 pauca
639 1789 765 1846 tantum
797 1791 947 1869 poemata
982 1782 1120 1861 selecta,
1155 1802 1240 1867 quae

100 1939 103 1975 3
182 1905 291 1960 artem
319 1895 496 1984 perfectam
525 1906 738 1979 testarentur,
767 1898 937 1983 recepisse.
981 1907 1082 1964 restat
1111 1909 1239 1964 utnon
1278 1879 1283 1890 ⁴

100 2055 103 2092 :
180 2012 277 2079 nulla
319 2013 359 2078 de
401 2013 543 2078 carmine
586 2035 697 2078 xxxnu
737 2013 852 2078 dicam.
919 2015 1006 2100 quod
1048 2036 1178 2079 carmen
1220 2038 1240 2080 a

100 2187 101 2206 2
182 2128 357 2216 Scaligero
389 2151 474 2194 anno
504 2129 618 2207 737117
651 2138 684 2195 et
716 2151 736 2193 a
768 2127 885 2196 Vossio
916 2128 1093 2214 (obseruat.
1128 2153 1158 2217 p.
1181 2131 1237 2214 81)

100 2291 102 2326 ρ
182 2268 273 2312 anno
299 2245 416 2322 700104
441 2247 632 2322 1101705149
659 2247 850 2313 attributum
878 2245 953 2310 olim
983 2246 1154 2312 falsissime
1179 2270 1237 2333 pro

100 2435 101 2442 ἵ
130 2348 131 2352 ¹
183 2362 344 2427 saeculari
367 2362 510 2428 habitum
537 2384 608 2428 esse
628 2364 692 2427 iam
714 2364 848 2451 pridem,
870 2373 906 2429 ut
926 2386 1024 2452 supra
1044 2387 1076 2450 p.
1096 2364 1139 2428 34
1160 2364 1236 2446 dixi,

184 2477 352 2564 cognitum
374 2488 432 2544 est.
475 2501 571 2564 quam
593 2479 635 2543 ob
656 2501 725 2544 rem
746 2480 857 2544 mirari
878 2480 956 2546 licet
976 2480 1064 2567 quod
1082 2480 1136 2544 uel
1149 2480 1236 2546 Prel-

184 2595 273 2659 lerus
306 2595 455 2683 (mythol.
483 2594 577 2662 Rom.
600 2620 631 2683 p.
653 2595 734 2678 284,
756 2595 791 2682 2)
825 2618 955 2662 carmen
987 2598 1151 2663 saeculare
1182 2597 1237 2663 ad-

187 2712 432 2799 pellareuoluit
462 2712 558 2778 etiarn
568 2713 873 2802 Marquardtius(de
884 2715 987 2802 antiq.
1000 2714 1094 2781 Rom.
1106 2739 1147 2781 nn
1158 2715 1236 2802 340)

159 2846 161 2853 ’
188 2828 278 2905 illud,
300 2828 360 2895 etsi
381 2830 545 2895 saeculare
566 2852 631 2895 non
655 2829 844 2914 nominauit,
865 2840 974 2897 tamen
996 2854 1056 2919 pro
1079 2832 1236 2897 saeculari

189 2946 338 3010 habuisse
359 2947 496 3011 uidetur.
540 2956 630 3011 extat
645 2957 753 3013 autem
767 2947 799 3012 in
815 2948 957 3013 carmine
978 2947 1019 3013 de
1041 2969 1106 3035 quo
1128 2946 1257 3036 dispo--

187 3073 291 3127 tamus
311 3084 353 3127 ne
368 3062 499 3128 minima
514 3060 644 3149 quidem
664 3063 782 3129 saeculi
797 3065 849 3129 uel
865 3085 1031 3129 sacrorum
1046 3065 1235 3131 ludorumue

190 3178 399 3245 saecularium
434 3180 706 3245 commemoratio.
764 3189 862 3267 poeta
892 3201 1010 3266 pueros
1046 3180 1236 3267 puellasque

190 3295 345 3377 Dianam,
381 3294 478 3360 filiam
509 3296 599 3361 Iouis
627 3306 660 3361 et
687 3294 853 3373 Latonae,
885 3296 1049 3361 dominam
1079 3296 1235 3361 montium

192 3412 340 3477 siluarum
361 3413 553 3492 fluuiorum,
576 3433 806 3499 puerperarum
827 3412 1033 3496 adiutricem,
1055 3412 1235 3502 praesidem

193 3527 290 3593 noctis
318 3529 414 3595 lunae
443 3529 628 3608 stellarum,
663 3529 836 3595 fertilitatis
866 3552 1018 3617 agrorum
1047 3532 1236 3598 creatricem

193 3645 386 3731 inplorantes
417 3646 494 3712 facit
530 3656 566 3710 ut
600 3646 719 3732 populo
756 3646 905 3711 Romano
945 3647 1031 3733 quod
1073 3646 1236 3712 consuerit

195 3762 326 3848 propitia
356 3761 407 3827 sit.
451 3772 620 3848 praeterea
647 3761 728 3827 nihil
759 3762 792 3826 in
822 3763 965 3847 carmine
992 3762 1085 3829 inest
1126 3772 1236 3828 tamen

195 3876 337 3942 carminis
368 3879 587 3965 conpositione
617 3879 789 3946 edocemur
817 3889 948 3966 poetam
972 3882 1085 3946 cantui
1107 3880 1236 3971 publice

100 4028 101 4033 .
196 4018 214 4059 a
235 3995 336 4081 pueris
358 3995 535 4083 puellisque
550 3997 583 4061 in
598 3997 753 4063 honorem
768 3998 896 4063 Dianae
916 3998 1063 4062 faciendo
1084 3998 1115 4063 id
1138 3998 1234 4064 desti-

100 4124 102 4197 ς
196 4132 291 4175 nasse.
335 4134 393 4199 pro
416 4113 488 4177 lusu
510 4113 650 4201 quodam
672 4115 801 4202 poetico
823 4114 892 4180 siue
914 4114 1069 4180 exercitio
1087 4124 1123 4180 ut
1144 4115 1235 4181 aiunt

196 4228 347 4293 facultatis
380 4227 526 4315 poeticae
556 4230 659 4295 libero
689 4230 838 4318 equidem
867 4254 997 4297 carmen
1029 4231 1148 4298 habere
1169 4253 1235 4296 non

958 4331 1001 4395 23
1015 4334 1033 4372 *
