3342 5200
406 679 455 730 lod
684 673 722 728 vl
756 675 804 728 DE
819 671 1000 727 AHOBIBVB
1018 671 1172 726 cs'l'vm

503 843 622 908 altili
638 865 701 909 uon
721 845 806 908 cordi
825 841 951 923 fueram
969 841 1101 907 emebsb
1120 853 1235 923 mo,

502 981 595 1025 meae
616 959 700 1047 qood
720 959 866 1024 terrebas
880 959 987 1044 prs’ers'
1000 968 1168 1044 precepto
1186 960 1336 1042 perenne,

501 1089 534 1142 at
552 1090 654 1142 mosen
674 1078 708 1142 in
729 1088 892 1141 uestros
906 1076 1035 1162 pones&
1052 1076 1162 1138 duem
1182 1072 1278 1154 sedes,

501 1217 580 1281 quoe
600 1193 671 1258 tibi
689 1192 817 1258 usmndo
836 1192 1019 1276 famularer
1036 1213 1124 1255 seruo
1144 1189 1247 1256 ledere

502 1313 632 1376 caneto
648 1309 841 1396 pennuleens
861 1308 994 1395 liquidis
1014 1307 1145 1393 ueasbie
1166 1308 1295 1393 lymphis

498 1448 697 1513 purpureone
717 1435 819 1491 tuum
841 1437 1034 1491 consumens
1054 1435 1132 1489 ueste
1152 1423 1253 1488 cubile.

401 1633 476 1678 nam
498 1623 617 1676 murae
638 1613 724 1675 sedes
749 1610 810 1674 hoo
838 1609 910 1673 loeo
938 1616 1013 1673 sunt
1032 1606 1153 1672 'l'hesei
1173 1606 1306 1693 eiusque
1327 1627 1450 1691 cogna-

401 1738 507 1794 torum
530 1737 563 1792 et
583 1727 787 1815 popularium
800 1722 971 1792 domicilia.
1014 1733 1157 1789 osterum
1179 1721 1317 1789 lectione
1337 1731 1448 1786 uestra

401 1846 539 1935 probata
560 1866 689 1910 cumen
710 1844 812 1909 multo
840 1841 1006 1908 subtiliore
1037 1841 1185 1906 acumine
1215 1839 1317 1904 utitur
1348 1860 1448 1926 qnam

401 1963 428 2028 si
453 1983 632 2051 pronomen
657 1981 815 2050 personae
842 1960 966 2048 primae
992 1957 1248 2046 adsumpsimus,
1280 1966 1313 2021 et
1341 1955 1446 2020 multo

401 2079 517 2146 melius
544 2101 617 2145 oum
646 2078 760 2144 ceteris
792 2075 1070 2163 hendecasyllabis
1099 2076 1140 2141 ad
1160 2073 1294 2141 Furium
1316 2073 1447 2162 seriptis

401 2195 560 2264 consentit
580 2219 619 2264 ao
641 2194 802 2282 conspirat
822 2216 929 2283 neque
944 2193 1117 2260 artificiosa
1131 2192 1348 2280 explicatione
1363 2214 1448 2278 opus

400 2323 456 2380 est
499 2313 638 2402 denique
659 2313 754 2377 enixe
775 2311 950 2394 contendo,
983 2310 1008 2374 si
1038 2308 1166 2376 oodioes
1197 2331 1356 2375 consensu
1378 2331 1446 2374 nno

400 2429 568 2496 lectionem
589 2441 690 2494 uestra
711 2429 886 2494 memoriae
907 2426 1124 2509 tradidissent,
1145 2427 1263 2493 nemini
1286 2449 1444 2516 umquam

306 2634 310 2641 ι
399 2548 432 2615 in
460 2559 601 2615 mentem
629 2545 755 2613 uenisse
783 2545 839 2611 illa
859 2544 1028 2633 repudiata
1048 2558 1152 2613 nostro
1173 2544 1329 2612 eonioere.
1371 2568 1446 2635 pre

400 2669 476 2734 bats
495 2666 595 2753 igitur
616 2676 649 2731 et
668 2664 818 2731 restituta
837 2664 976 2731 lectione
1000 2676 1103 2729 usuro
1124 2687 1255 2730 carmen
1275 2686 1354 2730 xxvi
1376 2686 1446 2728 ear·

399 2783 538 2850 minibus
569 2781 631 2848 illis
658 2782 906 2847 adnumeremus
939 2781 1055 2870 quibus
1083 2781 1222 2848 famelici
1243 2781 1336 2847 istius
1356 2804 1446 2848 men·

399 2902 562 2967 dieitatem
583 2909 678 2988 poeta
698 2899 897 2987 perstrinxit.

482 3067 638 3158 Superest
658 3078 694 3133 ut
716 3090 821 3156 panea
842 3068 943 3134 uerba
965 3067 1005 3133 de
1026 3068 1169 3166 earmipe
1193 3085 1245 3133 cnr
1270 3068 1334 3132 Aut
1358 3069 1447 3133 sedes

399 3190 469 3253 melei
480 3187 577 3253 redde
598 3186 701 3253 decem
721 3186 864 3251 restolio
881 3187 942 3251 &10
962 3186 1024 3251 hoo
1043 3185 1115 3251 loeo
1137 3184 1303 3267 addamus,
1323 3184 1445 3273 quippe

400 3304 487 3393 quod
519 3326 587 3369 rem
614 3302 755 3390 quodam
781 3302 878 3369 modo
906 3324 1079 3368 ueneream
1113 3312 1241 3369 tractet.
1295 3301 1446 3369 Catullus

400 3422 485 3487 enim
505 3443 526 3486 a
548 3419 657 3489 Silone
678 3420 809 3503 lenone,
842 3419 898 3508 qui
924 3441 985 3507 pro
1013 3419 1217 3487 meretricula
1235 3442 1293 3508 per
1314 3428 1446 3486 noctem

399 3536 586 3605 redimenda
607 3536 786 3603 mercedem
809 3546 988 3626 acceperat,
1010 3537 1065 3603 sed
1081 3537 1235 3625 promissa
1257 3558 1322 3603 non
1337 3559 1444 3625 praes

400 3666 471 3721 tans
493 3654 686 3741 inpudenter
709 3656 741 3719 in
758 3664 887 3743 poetam
909 3664 941 3720 et
961 3654 1113 3721 ferociter
1135 3654 1302 3742 sogessit,
1334 3663 1445 3743 postu-

398 3773 444 3839 lat
464 3781 500 3838 ut
521 3771 692 3860 pecuniam
714 3772 774 3838 sibi
800 3770 914 3837 reddat
936 3796 943 3836 τ
967 3793 1031 3860 qno
1053 3772 1140 3837 faoto
1162 3770 1208 3838 illi
1229 3772 1326 3838 licere
1344 3794 1443 3861 quam

399 3889 697 3977 inpudentissimum
710 3899 742 3955 et
755 3888 1059 3955 inmodestissimum
1074 3910 1151 3955 esse.
1174 3889 1224 3954 sin
1239 3911 1317 3955 uero
1331 3911 1445 3978 qnaes-

399 4017 468 4073 tum
492 4028 586 4071 suum
607 4026 759 4071 exercere
784 4016 816 4072 et
836 4029 872 4071 se
892 4005 1041 4072 lenonem
1066 4028 1135 4071 esse
1162 4006 1262 4089 uelit,
1290 4006 1445 4073 modestis

400 4133 433 4190 et
458 4122 586 4189 blandis
614 4124 757 4189 moribus
784 4146 859 4189 eum
887 4144 958 4189 esse
986 4123 1110 4189 decere.
1159 4123 1299 4210 pretium
1331 4124 1444 4189 decem

400 4241 521 4307 milium
554 4240 752 4325 sestertium,
789 4241 876 4329 quod
902 4238 1050 4307 Catullus
1079 4240 1189 4308 lenoni
1216 4240 1323 4326 dedit,
1357 4242 1445 4308 idem
