3342 5200
299 655 349 705 toa
499 651 575 703 Vllll
609 652 658 703 DE
676 650 834 705 CAESARE
852 651 899 702 ET
915 650 1147 703 caussarum

296 840 515 906 proponamus
540 828 572 882 ct
594 841 636 883 cx
657 818 805 884 carminis
827 819 986 884 sententia
1008 817 1228 885 defendamus.
1274 842 1346 884 cen·

297 957 403 1000 scmus
424 934 524 1022 igitur
547 933 708 1001 Catullum
730 934 776 999 ita
798 934 962 1022 scripsisse

494 1110 575 1152 nunc
600 1088 723 1165 Galliae
744 1091 863 1152 timetur
884 1100 910 1150 et
930 1086 1127 1167 Britanniae,

296 1261 394 1327 quam
422 1238 591 1304 lectionem
622 1237 729 1303 sensui
760 1259 854 1325 quem
882 1247 1089 1324 expectamus
1119 1235 1241 1323 optime
1267 1236 1347 1300 satis

295 1356 402 1422 facere
436 1355 634 1420 confidimus.
681 1365 778 1442 poeta
810 1356 915 1437 enim,
946 1363 1060 1442 postea
1091 1376 1188 1441 quam
1218 1352 1295 1417 inde
1327 1376 1347 1417 a

295 1496 392 1539 uersu
415 1473 551 1560 septimo
573 1472 696 1537 decimo
719 1471 919 1537 enumeravit
938 1492 1160 1559 quaecumque
1177 1468 1348 1534 Mamurra

297 1589 479 1677 dissipauit,
504 1611 601 1654 uersu
630 1587 788 1674 nigesimo
816 1612 888 1654 cum
913 1588 1068 1653 memoria
1088 1588 1248 1653 bonorum
1270 1585 1346 1651 olim

297 1707 520 1795 dissipatorum
547 1706 696 1771 timorem
722 1705 891 1771 coniunxit
919 1716 952 1772 et
982 1729 1056 1770 cum
1084 1706 1227 1771 maxima
1248 1703 1347 1769 animi

296 1824 509 1889 commotione
539 1824 696 1910 expressit
728 1844 791 1909 quo
822 1833 890 1887 tum
917 1845 1028 1887 omnes
1057 1823 1133 1887 boni
1165 1821 1206 1886 de
1236 1821 1347 1887 Gallia

297 1951 329 2007 et
349 1941 520 2007 Britannia
542 1940 582 2005 ab
604 1939 719 2004 eodem
738 1939 793 2005 illo
817 1938 995 2027 expilandis
1011 1938 1214 2004 tenebantur.
1252 1938 1347 2005 facilc

294 2058 405 2124 uidere
424 2058 500 2126 licet
522 2080 618 2145 quam
640 2056 724 2122 bens
750 2057 885 2124 uoculae
915 2054 1120 2122 enumerandi
1142 2060 1253 2141 primo
1275 2104 1283 2119 .
1307 2105 1315 2119 .
1338 2103 1346 2120 .

294 2180 427 2242 secondo
443 2223 475 2239 ..
497 2176 586 2239 tertia
602 2224 610 2239 .
629 2225 635 2239 .
654 2197 731 2239 none
751 2196 786 2239 se
808 2176 972 2263 excipiant
995 2198 1003 2238 ε
1025 2196 1120 2262 quam
1142 2174 1254 2259 pulcre
1277 2194 1346 2237 ora-

295 2295 351 2377 tio,
372 2314 454 2381 quae
478 2289 553 2356 inde
575 2316 594 2357 a
615 2314 712 2357 uersu
735 2292 773 2354 17
796 2292 926 2379 passiuo
948 2292 1043 2356 modo
1063 2291 1153 2355 uerbi
1176 2291 1347 2373 (lancinata

294 2411 379 2494 sunt)
410 2411 527 2490 utitur,
557 2407 684 2495 passiuo
704 2408 803 2472 uerbo
826 2408 948 2472 timetur
975 2407 1180 2472 continuetur
1210 2432 1217 2469 :
1248 2429 1346 2494 quam

294 2528 389 2616 plene
418 2526 478 2591 hac
511 2522 735 2589 emendatione
771 2540 900 2613 recepta
935 2523 1168 2589 inconcinnitas
1205 2523 1347 2588 cuitetur

297 2667 394 2732 quam
411 2666 565 2708 numerus
579 2642 710 2730 pluralis
725 2665 879 2730 personae
895 2642 1054 2708 secundae
1076 2643 1132 2726 (cf.
1146 2639 1346 2708 Lachmanni

294 2761 431 2847 Hauptii
463 2760 503 2827 G.
532 2760 710 2826 Hermanni
740 2760 859 2825 Faerni
893 2757 982 2848 [hunc
1014 2760 1142 2825 Galliae
1179 2761 1289 2824 timetis
1320 2770 1347 2822 et

294 2874 492 2965 Britanniae]
514 2876 767 2961 emendationes)
798 2900 837 2942 eo
866 2889 954 2943 creat
984 2877 1071 2965 quod
1104 2880 1137 2940 in
1166 2898 1265 2941 uersu
1299 2898 1344 2940 se

295 2996 407 3083 quenti
435 2993 569 3059 uerbum
598 2993 720 3080 plurale
748 2993 861 3078 fauetis
884 2993 924 3059 ad
948 2992 1120 3060 Caesarem
1142 2992 1345 3079 Pompeium·

295 3134 358 3201 que
379 3134 484 3200 neque
505 3122 541 3176 ut
561 3111 615 3176 illa
636 3113 733 3175 timete
755 3121 786 3175 et
806 3112 915 3176 timetis
937 3110 978 3175 ad
1002 3109 1142 3177 Galliam
1165 3120 1198 3174 et
1213 3109 1345 3174 Britan·

295 3229 381 3295 niam
400 3229 547 3294 refertur.
592 3226 707 3293 deinde
729 3251 822 3293 casus
844 3229 941 3293 dandi
967 3228 1146 3314 singulares
1169 3227 1294 3292 Gallice
1315 3235 1346 3290 et

295 3349 479 3412 Britanniae
508 3346 646 3411 orationi
676 3346 804 3433 qualem
832 3344 1041 3411 formauimus
1072 3343 1192 3433 optime
1220 3344 1345 3410 adcom-

295 3465 496 3529 medentur:
519 3463 674 3550 singulari
702 3462 786 3527 enim
819 3484 953 3527 numero
983 3484 1062 3549 opus
1091 3472 1159 3544 est,
1193 3462 1345 3548 quoniam

296 3580 442 3649 Catullus
463 3580 496 3644 in
518 3603 613 3644 uersu
636 3590 750 3665 quarto
767 3579 922 3643 Comatam
941 3578 1078 3642 Galliam
1102 3586 1133 3640 et
1147 3576 1345 3642 Britanniam

296 3697 483 3764 nominauit,
525 3709 593 3761 tum
621 3695 662 3760 ab
691 3718 749 3760 usu
778 3695 933 3760 sermonis
956 3694 1064 3761 Latini
1087 3693 1270 3760 emendatio
1291 3695 1346 3760 illa

295 3815 372 3881 satis
394 3813 665 3879 commendatur:
688 3814 729 3878 cf.
752 3812 875 3877 Lucani
897 3811 1086 3877 Pharsaliae
1107 3833 1148 3876 vu
1173 3812 1231 3876 131

394 3985 556 4046 aduenisse
578 3982 661 4047 diem
683 3984 740 4066 qui
757 3981 862 4066 fotum
884 3981 974 4044 rebus
994 3982 1031 4045 in
1051 4004 1160 4044 aeuum

394 4100 538 4165 conderet
557 4100 702 4164 trumonis
723 4110 750 4163 et
770 4099 885 4184 quaeri
903 4099 1003 4163 Βοηια
1021 4102 1093 4185 quid
1112 4112 1189 4164 esset

397 4219 445 4282 illc
466 4219 570 4282 Morte
589 4219 697 4301 polam
719 4228 771 4297 est,
793 4239 853 4280 suo
873 4220 993 4301 quisque
1008 4217 1151 4302 pericqu
1172 4223 1262 4282 seced
