<?xml version="1.0" encoding="UTF-8"?>
<!DOCTYPE html PUBLIC "-//W3C//DTD XHTML 1.0 Transitional//EN"
    "http://www.w3.org/TR/xhtml1/DTD/xhtml1-transitional.dtd">
<html xmlns="http://www.w3.org/1999/xhtml" xml:lang="en" lang="en">
 <head>
  <title>
</title>
<meta http-equiv="Content-Type" content="text/html;charset=utf-8" />
  <meta name='ocr-system' content='tesseract 3.04.00' />
  <meta name='ocr-capabilities' content='ocr_page ocr_carea ocr_par ocr_line ocrx_word'/>
</head>
<body>
  <div class='ocr_page' id='page_1' title='image "./gvalericatvllil01catugoog_0042.png"; bbox 0 0 3342 5200; ppageno 0'>
   <div class='ocr_carea' id='block_1_1' title="bbox 419 650 1321 709">
    <p class='ocr_par' dir='ltr' id='par_1_1' title="bbox 419 650 1321 709">
     <span class='ocr_line' id='line_1_1' title="bbox 419 650 1321 709; baseline -0.008 0"><span class='ocrx_word' id='word_1_1' title='bbox 419 656 453 709; x_wconf 74' lang='lat'><strong>80</strong></span> <span class='ocrx_word' id='word_1_2' title='bbox 560 654 588 707; x_wconf 89' lang='lat'><strong>11</strong></span> <span class='ocrx_word' id='word_1_3' title='bbox 621 654 670 707; x_wconf 72' lang='lat' dir='ltr'><strong>DE</strong></span> <span class='ocrx_word' id='word_1_4' title='bbox 686 652 790 707; x_wconf 69' lang='lat' dir='ltr'><strong>susle</strong></span> <span class='ocrx_word' id='word_1_5' title='bbox 807 652 941 707; x_wconf 72' lang='lat' dir='ltr'><strong>utrm</strong></span> <span class='ocrx_word' id='word_1_6' title='bbox 955 652 1004 707; x_wconf 70' lang='grc' dir='ltr'><strong>ΒΤ</strong></span> <span class='ocrx_word' id='word_1_7' title='bbox 1019 652 1153 704; x_wconf 69' lang='lat' dir='ltr'><strong>aaran</strong></span> <span class='ocrx_word' id='word_1_8' title='bbox 1167 650 1321 704; x_wconf 69' lang='grc' dir='ltr'><strong>(147Ὴὼ1</strong></span> 
     </span>
    </p>
   </div>
   <div class='ocr_carea' id='block_1_2' title="bbox 417 816 1481 4045">
    <p class='ocr_par' dir='ltr' id='par_1_2' title="bbox 417 816 1469 1021">
     <span class='ocr_line' id='line_1_2' title="bbox 418 816 1469 910; baseline -0.007 -21"><span class='ocrx_word' id='word_1_9' title='bbox 418 820 541 910; x_wconf 85' lang='lat' dir='ltr'><strong>aliquid</strong></span> <span class='ocrx_word' id='word_1_10' title='bbox 561 820 751 889; x_wconf 85' lang='lat' dir='ltr'><strong>Weieherto</strong></span> <span class='ocrx_word' id='word_1_11' title='bbox 780 819 838 905; x_wconf 90' lang='lat' dir='ltr'><strong>(de</strong></span> <span class='ocrx_word' id='word_1_12' title='bbox 858 820 950 909; x_wconf 87' lang='lat' dir='ltr'><strong>reliq.</strong></span> <span class='ocrx_word' id='word_1_13' title='bbox 971 828 1057 907; x_wconf 89' lang='lat' dir='ltr'><strong>poet.</strong></span> <span class='ocrx_word' id='word_1_14' title='bbox 1079 818 1151 884; x_wconf 86' lang='lat' dir='ltr'><strong>Lat.</strong></span> <span class='ocrx_word' id='word_1_15' title='bbox 1173 840 1206 905; x_wconf 91' lang='lat' dir='ltr'><strong>p.</strong></span> <span class='ocrx_word' id='word_1_16' title='bbox 1229 817 1305 903; x_wconf 81' lang='lat'>130)</span> <span class='ocrx_word' id='word_1_17' title='bbox 1328 826 1362 883; x_wconf 86' lang='lat' dir='ltr'><strong>st</strong></span> <span class='ocrx_word' id='word_1_18' title='bbox 1381 816 1469 881; x_wconf 89' lang='lat' dir='ltr'><strong>Dru·</strong></span> 
     </span>
     <span class='ocr_line' id='line_1_3' title="bbox 417 934 1153 1021; baseline -0.003 -18"><span class='ocrx_word' id='word_1_19' title='bbox 417 958 536 1003; x_wconf 88' lang='lat' dir='ltr'><strong>manno</strong></span> <span class='ocrx_word' id='word_1_20' title='bbox 558 936 644 1021; x_wconf 83' lang='lat' dir='ltr'><strong>(bist</strong></span> <span class='ocrx_word' id='word_1_21' title='bbox 667 936 762 1003; x_wconf 88' lang='lat' dir='ltr'><strong>Rom.</strong></span> <span class='ocrx_word' id='word_1_22' title='bbox 784 957 807 1000; x_wconf 83' lang='lat' dir='ltr'>v</span> <span class='ocrx_word' id='word_1_23' title='bbox 827 936 901 1018; x_wconf 83' lang='lat'><strong>683,</strong></span> <span class='ocrx_word' id='word_1_24' title='bbox 922 936 979 1018; x_wconf 84' lang='grc'><strong>23)</strong></span> <span class='ocrx_word' id='word_1_25' title='bbox 1001 934 1153 1002; x_wconf 85' lang='lat' dir='ltr'><strong>suboluit</strong></span> 
     </span>
    </p>

    <p class='ocr_par' dir='ltr' id='par_1_3' title="bbox 419 1048 1481 4045">
     <span class='ocr_line' id='line_1_4' title="bbox 500 1048 1470 1141; baseline -0.004 -22"><span class='ocrx_word' id='word_1_26' title='bbox 500 1052 567 1119; x_wconf 85' lang='lat' dir='ltr'><strong>Sed</strong></span> <span class='ocrx_word' id='word_1_27' title='bbox 596 1051 674 1141; x_wconf 92' lang='lat' dir='ltr'><strong>quid</strong></span> <span class='ocrx_word' id='word_1_28' title='bbox 704 1052 744 1119; x_wconf 85' lang='lat' dir='ltr'><strong>de</strong></span> <span class='ocrx_word' id='word_1_29' title='bbox 765 1063 911 1141; x_wconf 86' lang='lat' dir='ltr'><strong>tempore</strong></span> <span class='ocrx_word' id='word_1_30' title='bbox 942 1074 1007 1139; x_wconf 92' lang='lat' dir='ltr'><strong>que</strong></span> <span class='ocrx_word' id='word_1_31' title='bbox 1028 1051 1158 1118; x_wconf 84' lang='lat' dir='ltr'><strong>Nonius</strong></span> <span class='ocrx_word' id='word_1_32' title='bbox 1184 1050 1218 1115; x_wconf 93' lang='lat' dir='ltr'><strong>in</strong></span> <span class='ocrx_word' id='word_1_33' title='bbox 1249 1051 1332 1117; x_wconf 87' lang='lat' dir='ltr'><strong>sella</strong></span> <span class='ocrx_word' id='word_1_34' title='bbox 1362 1048 1470 1115; x_wconf 88' lang='lat' dir='ltr'><strong>curuli</strong></span> 
     </span>
     <span class='ocr_line' id='line_1_5' title="bbox 419 1165 1470 1237; baseline -0.005 -1"><span class='ocrx_word' id='word_1_35' title='bbox 419 1168 538 1237; x_wconf 88' lang='lat' dir='ltr'><strong>sederit</strong></span> <span class='ocrx_word' id='word_1_36' title='bbox 558 1168 797 1235; x_wconf 77' lang='lat' dir='ltr'><strong>statuendum?</strong></span> <span class='ocrx_word' id='word_1_37' title='bbox 838 1179 928 1235; x_wconf 88' lang='lat' dir='ltr'><strong>recte</strong></span> <span class='ocrx_word' id='word_1_38' title='bbox 947 1168 1157 1235; x_wconf 88' lang='lat' dir='ltr'><strong>Lehmannus</strong></span> <span class='ocrx_word' id='word_1_39' title='bbox 1177 1165 1346 1235; x_wconf 88' lang='lat' dir='ltr'><strong>adnotauit</strong></span> <span class='ocrx_word' id='word_1_40' title='bbox 1366 1189 1470 1233; x_wconf 91' lang='lat' dir='ltr'><strong>unum</strong></span> 
     </span>
     <span class='ocr_line' id='line_1_6' title="bbox 420 1284 1470 1375; baseline -0.003 -24"><span class='ocrx_word' id='word_1_41' title='bbox 420 1285 463 1353; x_wconf 89' lang='lat' dir='ltr'><strong>de</strong></span> <span class='ocrx_word' id='word_1_42' title='bbox 481 1285 543 1353; x_wconf 91' lang='lat' dir='ltr'><strong>hac</strong></span> <span class='ocrx_word' id='word_1_43' title='bbox 569 1307 604 1351; x_wconf 89' lang='lat' dir='ltr'><strong>re</strong></span> <span class='ocrx_word' id='word_1_44' title='bbox 631 1296 777 1353; x_wconf 83' lang='lat' dir='ltr'><strong>constare</strong></span> <span class='ocrx_word' id='word_1_45' title='bbox 798 1286 885 1375; x_wconf 90' lang='lat' dir='ltr'><strong>quod</strong></span> <span class='ocrx_word' id='word_1_46' title='bbox 906 1285 1091 1354; x_wconf 78' lang='lat' dir='ltr'><strong>Catulliano</strong></span> <span class='ocrx_word' id='word_1_47' title='bbox 1118 1285 1263 1352; x_wconf 86' lang='lat' dir='ltr'><strong>carmine</strong></span> <span class='ocrx_word' id='word_1_48' title='bbox 1282 1284 1470 1367; x_wconf 83' lang='lat' dir='ltr'><strong>doceamur,</strong></span> 
     </span>
     <span class='ocr_line' id='line_1_7' title="bbox 420 1400 1472 1488; baseline -0.004 -19"><span class='ocrx_word' id='word_1_49' title='bbox 420 1401 565 1469; x_wconf 86' lang='lat' dir='ltr'><strong>Nonium</strong></span> <span class='ocrx_word' id='word_1_50' title='bbox 586 1402 619 1468; x_wconf 93' lang='lat' dir='ltr'><strong>in</strong></span> <span class='ocrx_word' id='word_1_51' title='bbox 639 1404 720 1469; x_wconf 89' lang='lat' dir='ltr'><strong>sella</strong></span> <span class='ocrx_word' id='word_1_52' title='bbox 741 1404 844 1469; x_wconf 89' lang='lat' dir='ltr'><strong>curuli</strong></span> <span class='ocrx_word' id='word_1_53' title='bbox 864 1414 933 1469; x_wconf 90' lang='lat' dir='ltr'><strong>tum</strong></span> <span class='ocrx_word' id='word_1_54' title='bbox 954 1402 1092 1485; x_wconf 88' lang='lat' dir='ltr'><strong>sedisse,</strong></span> <span class='ocrx_word' id='word_1_55' title='bbox 1122 1426 1197 1468; x_wconf 90' lang='lat' dir='ltr'><strong>cum</strong></span> <span class='ocrx_word' id='word_1_56' title='bbox 1227 1400 1379 1468; x_wconf 75' lang='lat' dir='ltr'><strong>Vatinius</strong></span> <span class='ocrx_word' id='word_1_57' title='bbox 1409 1422 1472 1488; x_wconf 87' lang='lat' dir='ltr'><strong>per</strong></span> 
     </span>
     <span class='ocr_line' id='line_1_8' title="bbox 421 1517 1471 1609; baseline -0.002 -24"><span class='ocrx_word' id='word_1_58' title='bbox 421 1518 622 1585; x_wconf 82' lang='lat' dir='ltr'><strong>consulatum</strong></span> <span class='ocrx_word' id='word_1_59' title='bbox 653 1520 822 1607; x_wconf 87' lang='lat' dir='ltr'><strong>peieraret</strong></span> <span class='ocrx_word' id='word_1_60' title='bbox 873 1518 961 1609; x_wconf 89' lang='lat' dir='ltr'><strong>quod</strong></span> <span class='ocrx_word' id='word_1_61' title='bbox 998 1519 1129 1605; x_wconf 90' lang='lat' dir='ltr'><strong>quando</strong></span> <span class='ocrx_word' id='word_1_62' title='bbox 1167 1518 1317 1585; x_wconf 75' lang='lat' dir='ltr'><strong>Vatinius</strong></span> <span class='ocrx_word' id='word_1_63' title='bbox 1351 1517 1471 1583; x_wconf 80' lang='lat' dir='ltr'><strong>fecisse</strong></span> 
     </span>
     <span class='ocr_line' id='line_1_9' title="bbox 419 1633 1474 1723; baseline -0.002 -22"><span class='ocrx_word' id='word_1_64' title='bbox 419 1635 600 1701; x_wconf 85' lang='lat' dir='ltr'><strong>censendus</strong></span> <span class='ocrx_word' id='word_1_65' title='bbox 627 1634 668 1701; x_wconf 90' lang='lat' dir='ltr'><strong>sit</strong></span> <span class='ocrx_word' id='word_1_66' title='bbox 698 1634 763 1699; x_wconf 90' lang='lat' dir='ltr'><strong>iam</strong></span> <span class='ocrx_word' id='word_1_67' title='bbox 790 1633 999 1723; x_wconf 76' lang='lat' dir='ltr'><strong>inquiramus.</strong></span> <span class='ocrx_word' id='word_1_68' title='bbox 1041 1634 1104 1701; x_wconf 90' lang='lat' dir='ltr'><strong>uiri</strong></span> <span class='ocrx_word' id='word_1_69' title='bbox 1133 1634 1222 1701; x_wconf 91' lang='lat' dir='ltr'><strong>docti</strong></span> <span class='ocrx_word' id='word_1_70' title='bbox 1250 1634 1353 1721; x_wconf 81' lang='lat' dir='ltr'><strong>igitur</strong></span> <span class='ocrx_word' id='word_1_71' title='bbox 1374 1634 1474 1721; x_wconf 85' lang='lat' dir='ltr'><strong>pleri·</strong></span> 
     </span>
     <span class='ocr_line' id='line_1_10' title="bbox 421 1750 1474 1839; baseline -0.002 -23"><span class='ocrx_word' id='word_1_72' title='bbox 421 1772 484 1839; x_wconf 89' lang='lat' dir='ltr'><strong>que</strong></span> <span class='ocrx_word' id='word_1_73' title='bbox 499 1772 610 1817; x_wconf 88' lang='lat' dir='ltr'><strong>omnes</strong></span> <span class='ocrx_word' id='word_1_74' title='bbox 630 1772 759 1815; x_wconf 88' lang='lat' dir='ltr'><strong>uersum</strong></span> <span class='ocrx_word' id='word_1_75' title='bbox 777 1751 909 1816; x_wconf 84' lang='lat' dir='ltr'><strong>tertium</strong></span> <span class='ocrx_word' id='word_1_76' title='bbox 925 1775 982 1837; x_wconf 77' lang='lat' dir='ltr'><strong>prr</strong></span> <span class='ocrx_word' id='word_1_77' title='bbox 996 1753 1184 1816; x_wconf 70' lang='grc' dir='ltr'>σοιιιιιὶαίιιιιι</span> <span class='ocrx_word' id='word_1_78' title='bbox 1195 1756 1321 1836; x_wconf 78' lang='lat' dir='ltr'><strong>peierat·</strong></span> <span class='ocrx_word' id='word_1_79' title='bbox 1335 1750 1474 1815; x_wconf 66' lang='lat' dir='ltr'><strong>Valerius</strong></span> 
     </span>
     <span class='ocr_line' id='line_1_11' title="bbox 422 1866 1472 1956; baseline 0.001 -25"><span class='ocrx_word' id='word_1_80' title='bbox 422 1866 469 1933; x_wconf 84' lang='lat' dir='ltr'><strong>ita</strong></span> <span class='ocrx_word' id='word_1_81' title='bbox 494 1866 724 1933; x_wconf 86' lang='lat' dir='ltr'><strong>intellexerunt</strong></span> <span class='ocrx_word' id='word_1_82' title='bbox 750 1878 788 1935; x_wconf 88' lang='lat' dir='ltr'><strong>ut</strong></span> <span class='ocrx_word' id='word_1_83' title='bbox 815 1868 1035 1950; x_wconf 84' lang='lat' dir='ltr'><strong>consulatum,</strong></span> <span class='ocrx_word' id='word_1_84' title='bbox 1065 1889 1162 1956; x_wconf 88' lang='lat' dir='ltr'><strong>quem</strong></span> <span class='ocrx_word' id='word_1_85' title='bbox 1190 1866 1314 1934; x_wconf 85' lang='lat' dir='ltr'><strong>Caesar</strong></span> <span class='ocrx_word' id='word_1_86' title='bbox 1334 1867 1472 1933; x_wconf 89' lang='lat' dir='ltr'><strong>Vatinio</strong></span> 
     </span>
     <span class='ocr_line' id='line_1_12' title="bbox 420 1981 1473 2063; baseline -0.001 -14"><span class='ocrx_word' id='word_1_87' title='bbox 420 1993 453 2050; x_wconf 88' lang='lat' dir='ltr'><strong>et</strong></span> <span class='ocrx_word' id='word_1_88' title='bbox 475 1981 516 2063; x_wconf 83' lang='lat' dir='ltr'><strong>Q.</strong></span> <span class='ocrx_word' id='word_1_89' title='bbox 536 1982 630 2049; x_wconf 87' lang='lat' dir='ltr'><strong>Fufio</strong></span> <span class='ocrx_word' id='word_1_90' title='bbox 649 1984 772 2052; x_wconf 79' lang='lat' dir='ltr'><strong>Caleno</strong></span> <span class='ocrx_word' id='word_1_91' title='bbox 800 1984 834 2050; x_wconf 93' lang='lat' dir='ltr'><strong>in</strong></span> <span class='ocrx_word' id='word_1_92' title='bbox 855 1994 1018 2052; x_wconf 86' lang='lat' dir='ltr'><strong>extremos</strong></span> <span class='ocrx_word' id='word_1_93' title='bbox 1044 1985 1113 2050; x_wconf 93' lang='lat' dir='ltr'><strong>dies</strong></span> <span class='ocrx_word' id='word_1_94' title='bbox 1134 1985 1253 2051; x_wconf 87' lang='lat' dir='ltr'><strong>mensis</strong></span> <span class='ocrx_word' id='word_1_95' title='bbox 1275 1983 1473 2049; x_wconf 76' lang='lat' dir='ltr'><strong>Decembris</strong></span> 
     </span>
     <span class='ocr_line' id='line_1_13' title="bbox 420 2100 1474 2184; baseline -0.002 -17"><span class='ocrx_word' id='word_1_96' title='bbox 420 2100 494 2167; x_wconf 90' lang='lat' dir='ltr'><strong>anni</strong></span> <span class='ocrx_word' id='word_1_97' title='bbox 516 2100 631 2176; x_wconf 90' lang='grc'><strong>707147</strong></span> <span class='ocrx_word' id='word_1_98' title='bbox 653 2100 813 2167; x_wconf 87' lang='lat' dir='ltr'><strong>concessit</strong></span> <span class='ocrx_word' id='word_1_99' title='bbox 842 2102 898 2184; x_wconf 84' lang='lat' dir='ltr'><strong>(cf.</strong></span> <span class='ocrx_word' id='word_1_100' title='bbox 919 2101 1102 2167; x_wconf 90' lang='lat' dir='ltr'><strong>Drumanni</strong></span> <span class='ocrx_word' id='word_1_101' title='bbox 1129 2101 1203 2167; x_wconf 88' lang='lat' dir='ltr'><strong>bist.</strong></span> <span class='ocrx_word' id='word_1_102' title='bbox 1225 2101 1321 2167; x_wconf 90' lang='lat' dir='ltr'><strong>Rom.</strong></span> <span class='ocrx_word' id='word_1_103' title='bbox 1343 2123 1376 2166; x_wconf 89' lang='grc' dir='ltr'><strong>ιιι</strong></span> <span class='ocrx_word' id='word_1_104' title='bbox 1397 2101 1474 2181; x_wconf 77' lang='grc'><strong>567,</strong></span> 
     </span>
     <span class='ocr_line' id='line_1_14' title="bbox 422 2216 1476 2306; baseline 0.003 -26"><span class='ocrx_word' id='word_1_105' title='bbox 422 2216 460 2281; x_wconf 94' lang='grc'><strong>71</strong></span> <span class='ocrx_word' id='word_1_106' title='bbox 483 2238 513 2280; x_wconf 82' lang='lat' dir='ltr'><strong>vr</strong></span> <span class='ocrx_word' id='word_1_107' title='bbox 528 2216 599 2299; x_wconf 87' lang='grc'><strong>249,</strong></span> <span class='ocrx_word' id='word_1_108' title='bbox 613 2217 669 2301; x_wconf 89' lang='grc'><strong>46)</strong></span> <span class='ocrx_word' id='word_1_109' title='bbox 685 2216 849 2284; x_wconf 83' lang='lat' dir='ltr'><strong>Catullum</strong></span> <span class='ocrx_word' id='word_1_110' title='bbox 868 2216 989 2283; x_wconf 86' lang='lat' dir='ltr'><strong>uidisse</strong></span> <span class='ocrx_word' id='word_1_111' title='bbox 1002 2228 1163 2305; x_wconf 88' lang='lat' dir='ltr'><strong>putarent.</strong></span> <span class='ocrx_word' id='word_1_112' title='bbox 1204 2219 1292 2306; x_wconf 88' lang='lat' dir='ltr'><strong>quod</strong></span> <span class='ocrx_word' id='word_1_113' title='bbox 1313 2218 1341 2283; x_wconf 92' lang='lat' dir='ltr'><strong>si</strong></span> <span class='ocrx_word' id='word_1_114' title='bbox 1356 2240 1476 2283; x_wconf 89' lang='lat' dir='ltr'><strong>uerum</strong></span> 
     </span>
     <span class='ocr_line' id='line_1_15' title="bbox 421 2330 1474 2422; baseline 0 -23"><span class='ocrx_word' id='word_1_115' title='bbox 421 2342 516 2415; x_wconf 84' lang='lat' dir='ltr'><strong>esset,</strong></span> <span class='ocrx_word' id='word_1_116' title='bbox 538 2330 657 2399; x_wconf 80' lang='lat' dir='ltr'><strong>Catulli</strong></span> <span class='ocrx_word' id='word_1_117' title='bbox 678 2335 746 2401; x_wconf 87' lang='lat' dir='ltr'><strong>uita</strong></span> <span class='ocrx_word' id='word_1_118' title='bbox 766 2332 934 2399; x_wconf 87' lang='lat' dir='ltr'><strong>minimum</strong></span> <span class='ocrx_word' id='word_1_119' title='bbox 954 2332 997 2399; x_wconf 89' lang='lat' dir='ltr'><strong>ad</strong></span> <span class='ocrx_word' id='word_1_120' title='bbox 1018 2333 1117 2400; x_wconf 87' lang='lat' dir='ltr'><strong>finem</strong></span> <span class='ocrx_word' id='word_1_121' title='bbox 1137 2356 1241 2422; x_wconf 89' lang='lat' dir='ltr'><strong>usque</strong></span> <span class='ocrx_word' id='word_1_122' title='bbox 1254 2334 1333 2401; x_wconf 88' lang='lat' dir='ltr'><strong>anni</strong></span> <span class='ocrx_word' id='word_1_123' title='bbox 1354 2334 1474 2412; x_wconf 91' lang='grc'><strong>707147</strong></span> 
     </span>
     <span class='ocr_line' id='line_1_16' title="bbox 421 2448 1477 2539; baseline 0.002 -24"><span class='ocrx_word' id='word_1_124' title='bbox 421 2459 508 2515; x_wconf 92' lang='lat' dir='ltr'><strong>esset</strong></span> <span class='ocrx_word' id='word_1_125' title='bbox 538 2448 754 2516; x_wconf 88' lang='lat' dir='ltr'><strong>continuanda</strong></span> <span class='ocrx_word' id='word_1_126' title='bbox 781 2475 788 2517; x_wconf 91' lang='lat'><strong>:</strong></span> <span class='ocrx_word' id='word_1_127' title='bbox 816 2451 870 2515; x_wconf 92' lang='lat' dir='ltr'><strong>cui</strong></span> <span class='ocrx_word' id='word_1_128' title='bbox 896 2450 945 2516; x_wconf 86' lang='lat' dir='ltr'><strong>rei</strong></span> <span class='ocrx_word' id='word_1_129' title='bbox 965 2473 1070 2539; x_wconf 55' lang='lat' dir='ltr'><strong>&#39;quam</strong></span> <span class='ocrx_word' id='word_1_130' title='bbox 1100 2451 1242 2517; x_wconf 85' lang='lat' dir='ltr'><strong>maxime</strong></span> <span class='ocrx_word' id='word_1_131' title='bbox 1274 2451 1310 2517; x_wconf 90' lang='lat' dir='ltr'><strong>id</strong></span> <span class='ocrx_word' id='word_1_132' title='bbox 1341 2452 1477 2519; x_wconf 89' lang='lat' dir='ltr'><strong>obstare</strong></span> 
     </span>
     <span class='ocr_line' id='line_1_17' title="bbox 422 2564 1478 2653; baseline 0.002 -21"><span class='ocrx_word' id='word_1_133' title='bbox 422 2566 551 2633; x_wconf 86' lang='lat' dir='ltr'><strong>uidetur</strong></span> <span class='ocrx_word' id='word_1_134' title='bbox 571 2564 658 2653; x_wconf 91' lang='lat' dir='ltr'><strong>quod</strong></span> <span class='ocrx_word' id='word_1_135' title='bbox 678 2566 712 2632; x_wconf 92' lang='lat' dir='ltr'><strong>in</strong></span> <span class='ocrx_word' id='word_1_136' title='bbox 734 2566 822 2635; x_wconf 91' lang='lat' dir='ltr'><strong>nullo</strong></span> <span class='ocrx_word' id='word_1_137' title='bbox 842 2567 917 2634; x_wconf 89' lang='lat' dir='ltr'><strong>libri</strong></span> <span class='ocrx_word' id='word_1_138' title='bbox 939 2566 1115 2636; x_wconf 79' lang='lat' dir='ltr'><strong>Catulliani</strong></span> <span class='ocrx_word' id='word_1_139' title='bbox 1131 2568 1284 2636; x_wconf 71' lang='lat' dir='ltr'><strong>ammius</strong></span> <span class='ocrx_word' id='word_1_140' title='bbox 1311 2590 1365 2634; x_wconf 89' lang='lat' dir='ltr'><strong>res</strong></span> <span class='ocrx_word' id='word_1_141' title='bbox 1387 2590 1478 2634; x_wconf 91' lang='lat' dir='ltr'><strong>oom-</strong></span> 
     </span>
     <span class='ocr_line' id='line_1_18' title="bbox 424 2685 1479 2770; baseline 0.004 -22"><span class='ocrx_word' id='word_1_142' title='bbox 424 2693 642 2748; x_wconf 83' lang='lat' dir='ltr'><strong>memorantur</strong></span> <span class='ocrx_word' id='word_1_143' title='bbox 678 2703 761 2770; x_wconf 92' lang='lat' dir='ltr'><strong>quae</strong></span> <span class='ocrx_word' id='word_1_144' title='bbox 794 2685 879 2751; x_wconf 91' lang='lat' dir='ltr'><strong>inter</strong></span> <span class='ocrx_word' id='word_1_145' title='bbox 905 2707 1008 2752; x_wconf 89' lang='lat' dir='ltr'><strong>annos</strong></span> <span class='ocrx_word' id='word_1_146' title='bbox 1038 2686 1156 2764; x_wconf 76' lang='grc'><strong>700154</strong></span> <span class='ocrx_word' id='word_1_147' title='bbox 1183 2698 1217 2754; x_wconf 91' lang='lat' dir='ltr'><strong>et</strong></span> <span class='ocrx_word' id='word_1_148' title='bbox 1246 2686 1362 2764; x_wconf 92' lang='grc'><strong>707147</strong></span> <span class='ocrx_word' id='word_1_149' title='bbox 1392 2688 1479 2753; x_wconf 87' lang='lat' dir='ltr'><strong>aeci·</strong></span> 
     </span>
     <span class='ocr_line' id='line_1_19' title="bbox 425 2797 1480 2889; baseline 0.008 -27"><span class='ocrx_word' id='word_1_150' title='bbox 425 2797 551 2862; x_wconf 89' lang='lat' dir='ltr'><strong>derunt.</strong></span> <span class='ocrx_word' id='word_1_151' title='bbox 593 2799 711 2864; x_wconf 78' lang='lat' dir='ltr'><strong>etenim</strong></span> <span class='ocrx_word' id='word_1_152' title='bbox 741 2821 815 2864; x_wconf 89' lang='lat' dir='ltr'><strong>eum</strong></span> <span class='ocrx_word' id='word_1_153' title='bbox 846 2801 991 2866; x_wconf 88' lang='lat' dir='ltr'><strong>carmina</strong></span> <span class='ocrx_word' id='word_1_154' title='bbox 1020 2802 1181 2889; x_wconf 87' lang='lat' dir='ltr'><strong>permulta</strong></span> <span class='ocrx_word' id='word_1_155' title='bbox 1201 2802 1236 2870; x_wconf 93' lang='lat' dir='ltr'><strong>in</strong></span> <span class='ocrx_word' id='word_1_156' title='bbox 1257 2802 1342 2869; x_wconf 86' lang='lat' dir='ltr'><strong>libro</strong></span> <span class='ocrx_word' id='word_1_157' title='bbox 1364 2802 1480 2871; x_wconf 85' lang='lat' dir='ltr'><strong>Catul-</strong></span> 
     </span>
     <span class='ocr_line' id='line_1_20' title="bbox 426 2913 1479 3006; baseline 0.009 -29"><span class='ocrx_word' id='word_1_158' title='bbox 426 2913 510 2978; x_wconf 90' lang='lat' dir='ltr'><strong>liano</strong></span> <span class='ocrx_word' id='word_1_159' title='bbox 524 2913 623 2979; x_wconf 85' lang='lat' dir='ltr'><strong>insint</strong></span> <span class='ocrx_word' id='word_1_160' title='bbox 643 2933 727 3000; x_wconf 91' lang='lat' dir='ltr'><strong>quae</strong></span> <span class='ocrx_word' id='word_1_161' title='bbox 747 2936 833 2980; x_wconf 89' lang='lat' dir='ltr'><strong>anno</strong></span> <span class='ocrx_word' id='word_1_162' title='bbox 849 2916 967 2995; x_wconf 77' lang='grc'><strong>700154</strong></span> <span class='ocrx_word' id='word_1_163' title='bbox 987 2929 1020 2984; x_wconf 84' lang='lat' dir='ltr'><strong>et</strong></span> <span class='ocrx_word' id='word_1_164' title='bbox 1037 2919 1186 3006; x_wconf 84' lang='lat' dir='ltr'><strong>proxime</strong></span> <span class='ocrx_word' id='word_1_165' title='bbox 1206 2919 1479 2989; x_wconf 76' lang='lat' dir='ltr'><strong>antecedentibus</strong></span> 
     </span>
     <span class='ocr_line' id='line_1_21' title="bbox 426 3026 1479 3128; baseline 0.009 -34"><span class='ocrx_word' id='word_1_166' title='bbox 426 3026 572 3096; x_wconf 85' lang='lat' dir='ltr'><strong>Catullus</strong></span> <span class='ocrx_word' id='word_1_167' title='bbox 588 3029 723 3118; x_wconf 81' lang='lat' dir='ltr'><strong>scripsit,</strong></span> <span class='ocrx_word' id='word_1_168' title='bbox 734 3031 767 3098; x_wconf 92' lang='lat' dir='ltr'><strong>id</strong></span> <span class='ocrx_word' id='word_1_169' title='bbox 778 3034 867 3119; x_wconf 90' lang='lat' dir='ltr'><strong>quod</strong></span> <span class='ocrx_word' id='word_1_170' title='bbox 879 3034 964 3101; x_wconf 83' lang='lat' dir='ltr'><strong>inira</strong></span> <span class='ocrx_word' id='word_1_171' title='bbox 977 3037 1157 3103; x_wconf 88' lang='lat' dir='ltr'><strong>luculenter</strong></span> <span class='ocrx_word' id='word_1_172' title='bbox 1172 3036 1479 3128; x_wconf 78' lang='lat' dir='ltr'><strong>demonstrabimus,</strong></span> 
     </span>
     <span class='ocr_line' id='line_1_22' title="bbox 427 3143 1480 3244; baseline 0.012 -36"><span class='ocrx_word' id='word_1_173' title='bbox 427 3143 580 3211; x_wconf 87' lang='lat' dir='ltr'><strong>miramur</strong></span> <span class='ocrx_word' id='word_1_174' title='bbox 611 3148 668 3235; x_wconf 90' lang='lat' dir='ltr'><strong>qui</strong></span> <span class='ocrx_word' id='word_1_175' title='bbox 697 3148 816 3215; x_wconf 86' lang='lat' dir='ltr'><strong>factum</strong></span> <span class='ocrx_word' id='word_1_176' title='bbox 845 3151 888 3216; x_wconf 90' lang='lat' dir='ltr'><strong>sit</strong></span> <span class='ocrx_word' id='word_1_177' title='bbox 917 3161 955 3218; x_wconf 91' lang='lat' dir='ltr'><strong>ut</strong></span> <span class='ocrx_word' id='word_1_178' title='bbox 980 3175 1022 3218; x_wconf 91' lang='lat' dir='ltr'><strong>ne</strong></span> <span class='ocrx_word' id='word_1_179' title='bbox 1053 3175 1156 3220; x_wconf 92' lang='lat' dir='ltr'><strong>unum</strong></span> <span class='ocrx_word' id='word_1_180' title='bbox 1187 3157 1318 3244; x_wconf 89' lang='lat' dir='ltr'><strong>quidem</strong></span> <span class='ocrx_word' id='word_1_181' title='bbox 1344 3175 1480 3221; x_wconf 71' lang='lat' dir='ltr'><strong>carnum</strong></span> 
     </span>
     <span class='ocr_line' id='line_1_23' title="bbox 424 3261 1481 3359; baseline 0.017 -36"><span class='ocrx_word' id='word_1_182' title='bbox 424 3261 554 3347; x_wconf 86' lang='lat' dir='ltr'><strong>reperiri</strong></span> <span class='ocrx_word' id='word_1_183' title='bbox 574 3262 676 3351; x_wconf 87' lang='lat' dir='ltr'><strong>possit</strong></span> <span class='ocrx_word' id='word_1_184' title='bbox 693 3264 780 3354; x_wconf 92' lang='lat' dir='ltr'><strong>quod</strong></span> <span class='ocrx_word' id='word_1_185' title='bbox 792 3275 891 3354; x_wconf 86' lang='lat' dir='ltr'><strong>poeta</strong></span> <span class='ocrx_word' id='word_1_186' title='bbox 904 3267 990 3335; x_wconf 88' lang='lat' dir='ltr'><strong>intra</strong></span> <span class='ocrx_word' id='word_1_187' title='bbox 1002 3270 1207 3359; x_wconf 89' lang='lat' dir='ltr'><strong>septennium</strong></span> <span class='ocrx_word' id='word_1_188' title='bbox 1221 3295 1342 3339; x_wconf 91' lang='lat' dir='ltr'><strong>annum</strong></span> <span class='ocrx_word' id='word_1_189' title='bbox 1356 3273 1481 3351; x_wconf 79' lang='grc'><strong>700154</strong></span> 
     </span>
     <span class='ocr_line' id='line_1_24' title="bbox 423 3377 1480 3473; baseline 0.017 -33"><span class='ocrx_word' id='word_1_190' title='bbox 423 3377 619 3463; x_wconf 86' lang='lat' dir='ltr'><strong>subsequens</strong></span> <span class='ocrx_word' id='word_1_191' title='bbox 630 3383 845 3468; x_wconf 88' lang='lat' dir='ltr'><strong>conposuerit,</strong></span> <span class='ocrx_word' id='word_1_192' title='bbox 860 3406 932 3450; x_wconf 90' lang='lat' dir='ltr'><strong>eum</strong></span> <span class='ocrx_word' id='word_1_193' title='bbox 944 3386 1134 3473; x_wconf 88' lang='lat' dir='ltr'><strong>praesertim</strong></span> <span class='ocrx_word' id='word_1_194' title='bbox 1147 3390 1225 3456; x_wconf 87' lang='lat' dir='ltr'><strong>anni</strong></span> <span class='ocrx_word' id='word_1_195' title='bbox 1239 3390 1286 3456; x_wconf 90' lang='lat' dir='ltr'><strong>illi</strong></span> <span class='ocrx_word' id='word_1_196' title='bbox 1301 3392 1480 3459; x_wconf 88' lang='lat' dir='ltr'><strong>emaxime</strong></span> 
     </span>
     <span class='ocr_line' id='line_1_25' title="bbox 424 3493 1481 3594; baseline 0.021 -41"><span class='ocrx_word' id='word_1_197' title='bbox 424 3493 683 3562; x_wconf 85' lang='lat' dir='ltr'><strong>memorabilibus</strong></span> <span class='ocrx_word' id='word_1_198' title='bbox 697 3498 796 3564; x_wconf 89' lang='lat' dir='ltr'><strong>totius</strong></span> <span class='ocrx_word' id='word_1_199' title='bbox 810 3501 1018 3586; x_wconf 87' lang='lat' dir='ltr'><strong>reipublicae</strong></span> <span class='ocrx_word' id='word_1_200' title='bbox 1032 3505 1203 3573; x_wconf 88' lang='lat' dir='ltr'><strong>Romanae</strong></span> <span class='ocrx_word' id='word_1_201' title='bbox 1215 3506 1354 3574; x_wconf 79' lang='lat' dir='ltr'><strong>luerim:</strong></span> <span class='ocrx_word' id='word_1_202' title='bbox 1366 3509 1481 3594; x_wconf 84' lang='lat' dir='ltr'><strong>cogita</strong></span> 
     </span>
     <span class='ocr_line' id='line_1_26' title="bbox 426 3606 1479 3713; baseline 0.022 -43"><span class='ocrx_word' id='word_1_203' title='bbox 426 3625 546 3694; x_wconf 88' lang='lat' dir='ltr'><strong>quaese</strong></span> <span class='ocrx_word' id='word_1_204' title='bbox 577 3606 739 3678; x_wconf 83' lang='lat' dir='ltr'><strong>Catullum</strong></span> <span class='ocrx_word' id='word_1_205' title='bbox 768 3613 808 3682; x_wconf 91' lang='lat' dir='ltr'><strong>dc</strong></span> <span class='ocrx_word' id='word_1_206' title='bbox 838 3638 924 3683; x_wconf 88' lang='lat' dir='ltr'><strong>anno</strong></span> <span class='ocrx_word' id='word_1_207' title='bbox 946 3619 1064 3696; x_wconf 80' lang='grc'><strong>702152</strong></span> <span class='ocrx_word' id='word_1_208' title='bbox 1082 3623 1377 3707; x_wconf 88' lang='lat' dir='ltr'><strong>turbulentissimo,</strong></span> <span class='ocrx_word' id='word_1_209' title='bbox 1409 3648 1479 3713; x_wconf 90' lang='lat' dir='ltr'><strong>quo</strong></span> 
     </span>
     <span class='ocr_line' id='line_1_27' title="bbox 426 3721 1478 3828; baseline 0.021 -40"><span class='ocrx_word' id='word_1_210' title='bbox 426 3721 558 3788; x_wconf 80' lang='lat' dir='ltr'><strong>Clodius</strong></span> <span class='ocrx_word' id='word_1_211' title='bbox 577 3728 683 3813; x_wconf 88' lang='lat' dir='ltr'><strong>periit,</strong></span> <span class='ocrx_word' id='word_1_212' title='bbox 704 3728 745 3796; x_wconf 87' lang='lat' dir='ltr'><strong>de</strong></span> <span class='ocrx_word' id='word_1_213' title='bbox 766 3733 860 3798; x_wconf 89' lang='lat' dir='ltr'><strong>annis</strong></span> <span class='ocrx_word' id='word_1_214' title='bbox 879 3734 996 3811; x_wconf 78' lang='grc'><strong>705149</strong></span> <span class='ocrx_word' id='word_1_215' title='bbox 1011 3747 1045 3802; x_wconf 88' lang='lat' dir='ltr'><strong>et</strong></span> <span class='ocrx_word' id='word_1_216' title='bbox 1062 3737 1190 3822; x_wconf 85' lang='grc'><strong>706148,</strong></span> <span class='ocrx_word' id='word_1_217' title='bbox 1213 3742 1332 3828; x_wconf 91' lang='lat' dir='ltr'><strong>quibus</strong></span> <span class='ocrx_word' id='word_1_218' title='bbox 1353 3744 1478 3810; x_wconf 88' lang='lat' dir='ltr'><strong>bellum</strong></span> 
     </span>
     <span class='ocr_line' id='line_1_28' title="bbox 424 3834 1479 3943; baseline 0.024 -40"><span class='ocrx_word' id='word_1_219' title='bbox 424 3834 573 3906; x_wconf 82' lang='lat' dir='ltr'><strong>(laesuris</strong></span> <span class='ocrx_word' id='word_1_220' title='bbox 593 3852 626 3909; x_wconf 88' lang='lat' dir='ltr'><strong>et</strong></span> <span class='ocrx_word' id='word_1_221' title='bbox 646 3843 781 3934; x_wconf 87' lang='lat' dir='ltr'><strong>Pompei</strong></span> <span class='ocrx_word' id='word_1_222' title='bbox 803 3851 898 3917; x_wconf 89' lang='lat' dir='ltr'><strong>ciuile</strong></span> <span class='ocrx_word' id='word_1_223' title='bbox 919 3853 1041 3920; x_wconf 86' lang='lat' dir='ltr'><strong>exarsit</strong></span> <span class='ocrx_word' id='word_1_224' title='bbox 1061 3863 1095 3920; x_wconf 87' lang='lat' dir='ltr'><strong>et</strong></span> <span class='ocrx_word' id='word_1_225' title='bbox 1122 3856 1308 3924; x_wconf 80' lang='lat' dir='ltr'><strong>confectum</strong></span> <span class='ocrx_word' id='word_1_226' title='bbox 1334 3869 1402 3943; x_wconf 90' lang='lat' dir='ltr'><strong>est,</strong></span> <span class='ocrx_word' id='word_1_227' title='bbox 1436 3861 1479 3928; x_wconf 91' lang='lat' dir='ltr'><strong>de</strong></span> 
     </span>
     <span class='ocr_line' id='line_1_29' title="bbox 425 3951 1479 4045; baseline 0.026 -27"><span class='ocrx_word' id='word_1_228' title='bbox 425 3951 510 4019; x_wconf 92' lang='lat' dir='ltr'><strong>bello</strong></span> <span class='ocrx_word' id='word_1_229' title='bbox 535 3956 756 4030; x_wconf 87' lang='lat' dir='ltr'><strong>Alexandrino</strong></span> <span class='ocrx_word' id='word_1_230' title='bbox 778 3965 855 4032; x_wconf 86' lang='lat' dir='ltr'><strong>anni</strong></span> <span class='ocrx_word' id='word_1_231' title='bbox 875 3967 991 4044; x_wconf 91' lang='grc'><strong>707147</strong></span> <span class='ocrx_word' id='word_1_232' title='bbox 1018 3971 1157 4038; x_wconf 89' lang='lat' dir='ltr'><strong>uerbum</strong></span> <span class='ocrx_word' id='word_1_233' title='bbox 1189 3976 1322 4042; x_wconf 87' lang='lat' dir='ltr'><strong>omnino</strong></span> <span class='ocrx_word' id='word_1_234' title='bbox 1349 3978 1479 4045; x_wconf 89' lang='lat' dir='ltr'><strong>nullum</strong></span> 
     </span>
    </p>
   </div>
   <div class='ocr_carea' id='block_1_3' title="bbox 425 4067 1478 4298">
    <p class='ocr_par' dir='ltr' id='par_1_4' title="bbox 425 4067 1478 4298">
     <span class='ocr_line' id='line_1_30' title="bbox 425 4067 1478 4180; baseline 0.028 -48"><span class='ocrx_word' id='word_1_235' title='bbox 425 4067 539 4135; x_wconf 86' lang='lat' dir='ltr'><strong>fecisse</strong></span> <span class='ocrx_word' id='word_1_236' title='bbox 572 4095 678 4162; x_wconf 87' lang='lat' dir='ltr'><strong>neque</strong></span> <span class='ocrx_word' id='word_1_237' title='bbox 722 4082 895 4168; x_wconf 88' lang='lat' dir='ltr'><strong>quiequam</strong></span> <span class='ocrx_word' id='word_1_238' title='bbox 928 4090 1236 4158; x_wconf 88' lang='lat' dir='ltr'><strong>commemorauisse</strong></span> <span class='ocrx_word' id='word_1_239' title='bbox 1278 4093 1367 4180; x_wconf 91' lang='lat' dir='ltr'><strong>quod</strong></span> <span class='ocrx_word' id='word_1_240' title='bbox 1410 4096 1478 4162; x_wconf 87' lang='lat' dir='ltr'><strong>ulla</strong></span> 
     </span>
     <span class='ocr_line' id='line_1_31' title="bbox 425 4183 1478 4298; baseline 0.028 -48"><span class='ocrx_word' id='word_1_241' title='bbox 425 4183 549 4253; x_wconf 86' lang='lat' dir='ltr'><strong>ratione</strong></span> <span class='ocrx_word' id='word_1_242' title='bbox 572 4211 644 4258; x_wconf 87' lang='lat' dir='ltr'><strong>eum</strong></span> <span class='ocrx_word' id='word_1_243' title='bbox 667 4194 763 4262; x_wconf 89' lang='lat' dir='ltr'><strong>rebus</strong></span> <span class='ocrx_word' id='word_1_244' title='bbox 776 4198 839 4264; x_wconf 89' lang='lat' dir='ltr'><strong>illis</strong></span> <span class='ocrx_word' id='word_1_245' title='bbox 859 4201 1044 4270; x_wconf 85' lang='lat' dir='ltr'><strong>cohaereat.</strong></span> <span class='ocrx_word' id='word_1_246' title='bbox 1086 4206 1179 4274; x_wconf 89' lang='lat' dir='ltr'><strong>onius</strong></span> <span class='ocrx_word' id='word_1_247' title='bbox 1200 4211 1386 4298; x_wconf 82' lang='lat' dir='ltr'><strong>argumenti</strong></span> <span class='ocrx_word' id='word_1_248' title='bbox 1408 4212 1478 4280; x_wconf 93' lang='lat' dir='ltr'><strong>uim</strong></span> 
     </span>
    </p>
   </div>
   <div class='ocr_carea' id='block_1_4' title="bbox 0 0 1690 5200">
    <p class='ocr_par' dir='ltr' id='par_1_5' title="bbox 0 0 1690 5200">
     <span class='ocr_line' id='line_1_32' title="bbox 0 0 1690 5200; baseline 0 0"><span class='ocrx_word' id='word_1_249' title='bbox 0 0 1690 5200; x_wconf 95' lang='lat' dir='ltr'><strong> </strong></span> 
     </span>
    </p>
   </div>
  </div>
 </body>
</html>
