3342 5200
419 654 495 710 Vllll
530 657 578 710 Dll
594 655 750 709 CAESARE
767 657 814 710 ΕΤ
831 656 1061 710 causamme
1221 658 1270 708 les

326 825 386 892 Nu
403 826 528 891 nims'um
548 823 661 908 sordeo,
685 823 809 908 Caesar,
830 827 882 890 uti
898 826 974 890 seu
992 826 1114 910 plaeere

374 965 427 1008 ner
448 943 529 1008 seire
549 953 650 1006 utrum
672 943 720 1006 sis
740 941 825 1006 albus
846 963 888 1006 an
908 953 975 1005 oter
995 939 1090 1006 homo.

225 1125 500 1194 uehementiorem
527 1127 560 1192 in
590 1125 714 1192 duobus
736 1126 931 1192 carminibus
953 1124 1102 1192 Catullus
1124 1148 1159 1192 se
1179 1147 1269 1213 prae

223 1243 294 1312 buit
326 1243 359 1308 in
390 1241 507 1330 quibus
542 1253 671 1330 praeter
705 1241 879 1311 Caesarem
908 1243 1107 1310 Mamurram
1139 1264 1269 1332 quoque

223 1360 414 1448 exagitauit.
457 1367 532 1424 sunt
552 1358 631 1424 hsea
647 1378 711 1424 uvn
730 1359 843 1425 Pulcre
864 1365 1000 1426 conum
1018 1360 1154 1446 inprobas
1173 1365 1269 1425 omae·

223 1477 275 1544 dis
296 1486 329 1542 et
350 1498 458 1542 xxviiii
497 1475 570 1554 Qus
597 1475 654 1541 luco
680 1487 777 1562 potest
801 1477 923 1559 uaiiere,
954 1481 1024 1564 quis
1048 1487 1146 1564 potest
1170 1476 1241 1562 pati
1252 1479 1270 1542 Ρ

105 1605 107 1612 “
222 1593 406 1676 Mamurra,
449 1613 548 1680 eques
584 1592 751 1658 Romanus
785 1593 947 1678 Formiis,
990 1595 1023 1658 in
1058 1594 1139 1660 urbe
1172 1593 1269 1677 Latii,

222 1720 317 1777 natus
340 1711 395 1796 (cf.
414 1710 560 1776 xxxx=4
593 1709 759 1776 xxnrrrb
794 1713 903 1776 nvnc
936 1709 1065 1777 Horatii
1087 1720 1269 1777 saturarum

222 1827 349 1912 1537)
381 1825 529 1894 Caesaris
560 1828 593 1892 in
624 1825 735 1892 Gallia
765 1825 948 1914 praefectus
978 1827 1105 1894 fabrum
1135 1827 1206 1894 fuis
1249 1849 1268 1893 a
1307 1830 1311 1834 “

223 1967 288 2033 quo
315 1943 494 2008 inmensum
519 1941 554 2010 in
574 1942 703 2008 modum
725 1965 804 2009 auro
825 1942 951 2010 Gallico
972 1944 1186 2032 locupletatus
1208 1943 1265 2028 (of.

222 2061 251 2127 F
251 2060 379 2126 riderici
406 2059 568 2126 Hultschii
594 2059 763 2146 metrolog.
793 2069 894 2126 aeter.
916 2083 946 2148 p
967 2061 1029 2126 226
1048 2073 1080 2127 et
1102 2059 1268 2129 Ciceronis

222 2178 262 2244 ad
284 2177 432 2244 Atticum
452 2199 492 2242 ιιιι
515 2177 533 2240 l
555 2179 589 2263 6)
611 2177 797 2265 profusione
824 2188 858 2244 et
884 2177 1013 2245 luxuria
1037 2176 1198 2244 inmodica
1222 2176 1269 2242 in·

222 2295 317 2362 famis
348 2295 410 2360 fuit
442 2321 449 2359 :
484 2295 524 2360 of.
558 2296 591 2360 in
623 2295 733 2382 primis
766 2295 890 2361 Plinius
927 2294 1084 2361 historiae
1115 2293 1268 2361 naturalis

223 2434 323 2478 xxxvi
355 2413 376 2478 6
404 2412 445 2477 48
478 2413 614 2498 primum
652 2411 770 2478 Romae
803 2412 940 2498 parietes
971 2425 1071 2477 crusta
1106 2411 1268 2476 moraturis

222 2531 374 2619 operuisse
407 2542 481 2594 totos
516 2527 623 2594 domus
655 2553 727 2594 suae
761 2533 791 2594 in
829 2529 933 2595 Caelio
967 2541 1067 2594 nante
1103 2527 1267 2594 Cornelius

221 2652 322 2735 Nepos
348 2649 443 2711 tradit
471 2646 687 2731 Mamurram,
719 2647 855 2713 Formiis
875 2660 977 2713 numm
999 2648 1131 2733 equitem
1151 2646 1266 2711 Roma·
1383 2688 1386 2694 ,

221 2790 303 2847 num,
320 2764 516 2851 praefectum
534 2765 671 2852 fabrum
694 2766 734 2830 G.
758 2764 909 2831 Caesaris
929 2769 960 2831 in
982 2765 1109 2846 Gallia,
1130 2788 1168 2828 ne
1189 2762 1270 2849 quid

222 2884 415 2971 indipnitatis
436 2885 512 2947 desit
532 2884 589 2948 tali
616 2896 741 2949 auctore
767 2886 892 2948 inuenta
919 2906 964 2947 re.
1005 2886 1051 2947 nic
1071 2904 1202 2967 namque
1223 2892 1268 2944 est

222 3000 388 3064 Mamurra
411 3000 530 3065 Catulli
554 3002 728 3065 Veronensis
750 3001 938 3066 carminibus
955 3004 1144 3087 morsurus,
1165 3021 1265 3087 quem,

222 3128 253 3181 ul
272 3140 320 3181 res
343 3129 400 3200 est,
430 3120 536 3182 domus
563 3119 660 3203 ipsius
690 3098 811 3183 alarius
831 3142 924 3206 quam
948 3117 1085 3183 Catullus
1106 3116 1193 3181 diest
1211 3118 1266 3180 lra-

222 3234 289 3299 bere
304 3228 461 3321 ‘quidquid
473 3234 626 3299 habuisset
645 3234 766 3299 Comata
779 3230 902 3300 Gallia’.
924 3257 1054 3322 namque
1075 3233 1172 3298 adicit
1189 3235 1266 3297 idem

220 3354 325 3439 Nepos
338 3357 470 3437 pruinam
485 3353 552 3417 totis
573 3350 701 3416 aedibus
721 3352 839 3416 nullam
859 3354 930 3417 nisi
947 3376 963 3415 e
983 3373 1136 3416 marmore
1156 3350 1266 3413 colum·

219 3493 290 3533 nam
322 3469 465 3533 habuisse
497 3482 524 3533 et
553 3473 647 3535 omnes
678 3470 797 3534 solidus
825 3468 1005 3555 eCarystr'o
1034 3482 1088 3533 aut
1115 3466 1264 3532 Leaena:

218 3596 363 3651 mortuus
387 3598 435 3652 est
456 3586 621 3651 Mamurra
646 3610 730 3652 anno
753 3588 870 3664 ’109145
892 3597 1048 3653 extremo.
1091 3608 1188 3673 quom
1210 3608 1265 3651 an·

218 3726 294 3768 num
316 3704 385 3767 eius
408 3702 554 3769 ultimum
571 3702 706 3769 Carolus
721 3704 754 3769 N
757 3704 936 3792 ipperdeius
958 3705 1006 3789 (in
1027 3702 1264 3792 prolegomenis

218 3842 300 3909 quae
330 3819 482 3887 Cornelio
512 3820 633 3909 Nepoti
662 3843 747 3886 anno
767 3812 856 3885 Δ1849
878 3846 897 3887 a
919 3845 953 3885 se
983 3820 1069 3885 edito
1099 3819 1265 3908 praemisit

218 3960 248 4024 p.
270 3938 350 4022 xvir)
381 3958 422 4001 ex
450 3937 615 4003 Ciceronis
644 3938 684 4004 ad
708 3938 853 4003 Atticum
876 3938 1084 4025 epistularum
1106 3936 1263 4002 x111521

218 4054 379 4142 sagaciter
394 4054 526 4121 detexit.
568 4054 629 4121 heo
651 4055 735 4120 enim
757 4055 789 4119 in
812 4055 950 4143 epistula
964 4077 1073 4121 mense
1088 4052 1262 4120 Decembri

217 4170 320 4239 medio
350 4173 427 4237 anni
456 4172 571 4251 709s45
601 4174 721 4261 scriptu
753 4172 867 4241 Cicero
889 4173 1001 4239 Attico
1023 4198 1043 4239 a
1066 4170 1262 4240 Caesareae
