3342 5200
450 670 483 720 88
735 664 761 717 V
794 662 843 715 DE
860 660 1041 715 nucumve
1057 658 1210 712 causum

452 842 505 899 tus
531 830 566 896 in
594 852 628 897 se
649 830 754 917 ipsum
776 850 817 893 ex
839 827 933 895 buius
962 826 1049 895 modi
1076 823 1245 893 calumniis
1274 846 1389 893 eornm
1418 846 1502 913 quos

452 947 560 1037 paullo
588 954 664 1013 ante
695 946 728 1011 in
763 944 942 1013 amicorum
968 966 1104 1011 numero
1144 944 1303 1011 habuerat
1338 944 1502 1009 maculam

451 1064 538 1131 haud
559 1063 755 1131 mediocrem
777 1061 891 1129 relabi.
933 1062 1049 1129 eodem
1061 1060 1162 1149 igitur
1178 1059 1246 1125 lere
1267 1058 1368 1125 animi
1387 1060 1501 1148 inpetu

452 1192 486 1247 et
507 1180 623 1247 ardore
635 1180 853 1249 inflammatus
865 1180 927 1245 hoc
948 1178 1090 1244 carmine
1111 1176 1260 1243 adfirmat
1275 1175 1388 1243 Caelio
1401 1176 1503 1261 Rufo,

451 1297 572 1365 homini
594 1296 710 1384 stupris
732 1296 900 1384 permultis
919 1295 1047 1379 infami,
1078 1295 1161 1361 birci
1182 1317 1297 1360 caussa
1326 1316 1392 1383 quo
1413 1295 1504 1360 labo

452 1426 502 1482 ret
529 1415 698 1481 mulierem
726 1414 848 1479 nullam
871 1407 985 1478 ‘lemur
1006 1422 1153 1478 tenerum
1182 1432 1367 1499 supponere
1395 1412 1504 1478 nelle’.

452 1541 620 1620 praeterea
640 1530 697 1596 uix
718 1530 830 1595 dubito
846 1529 925 1617 quin
940 1550 1071 1595 carmen
1087 1548 1177 1595 uvuu
1191 1528 1396 1593 Bononiensis
1409 1528 1506 1613 Rufa

356 1646 363 1657 “
453 1648 607 1732 Baficlom
635 1645 742 1729 fallat,
771 1667 835 1735 quo
865 1644 989 1711 Rufino
1018 1645 1146 1710 cuidam
1174 1645 1393 1732 exprobratur
1414 1644 1506 1735 quod

456 1786 529 1829 cum
544 1762 641 1843 Rufa,
664 1762 796 1827 muliere
811 1761 979 1827 Bononiae
1000 1760 1111 1826 infimo
1125 1761 1199 1827 loco
1221 1770 1300 1827 nata
1320 1770 1354 1827 et
1373 1761 1507 1827 sordida

452 1890 485 1945 et
511 1878 694 1960 inhonesta,
722 1876 888 1943 libidinem
914 1886 1085 1960 exerceat,
1122 1877 1157 1942 in
1177 1878 1315 1943 eundem
1344 1876 1435 1943 illum
1457 1878 1506 1943 M.

453 1994 599 2063 Caelium
634 1996 756 2061 Rufum
791 1993 956 2082 sumpserit
988 1992 1147 2061 Catullus.
1200 1994 1339 2082 primum
1370 1995 1506 2083 quidem

452 2135 518 2179 non
540 2112 581 2179 ad
602 2112 824 2178 Bononienses
846 2088 966 2205 selbod
987 2112 1069 2177 alius
1090 2112 1199 2195 urbis,
1236 2122 1273 2177 ut
1291 2112 1361 2177 ueri
1383 2111 1507 2179 similli-

452 2252 540 2295 mum
563 2237 612 2293 est
641 2228 805 2293 Romanas
827 2250 879 2293 res
900 2249 1030 2293 carmen
1050 2227 1127 2293 illud
1142 2237 1308 2315 spectare
1328 2228 1405 2293 inde
1427 2252 1505 2295 con·

452 2345 582 2433 ligimus
613 2344 700 2431 quod
728 2366 846 2410 nomen
883 2344 1098 2409 Bononiensis
1129 2344 1238 2409 But'ae
1269 2354 1340 2411 tum
1373 2345 1506 2412 demum

454 2486 583 2529 sensum
605 2472 716 2550 aptum
737 2462 865 2549 occipit,
886 2462 914 2526 si
929 2484 1056 2527 carmen
1074 2483 1140 2527 non
1155 2461 1324 2527 Bononiae
1346 2462 1507 2551 scripturn

455 2591 512 2648 est
561 2579 679 2646 deinde
710 2578 809 2646 totius
840 2577 990 2645 carminis
1028 2598 1162 2645 acumen
1197 2577 1345 2647 Catullus
1375 2589 1507 2648 tantum

455 2701 546 2766 abest
567 2707 604 2764 ut
629 2697 663 2763 in
684 2697 805 2763 Rufum
825 2695 912 2761 illam
923 2745 933 2780 ,
965 2718 1051 2785 qnae
1076 2696 1214 2784 nequior
1241 2706 1313 2763 erat
1339 2719 1439 2785 quam
1467 2711 1508 2768 ιιι

456 2816 525 2881 eius
548 2837 662 2881 caussa
684 2811 831 2880 Catullus
853 2835 982 2879 carmen
1003 2814 1176 2898 scriberet,
1208 2813 1380 2899 direxerit,
1412 2817 1508 2881 utin

454 2931 576 2998 Rufum
608 2931 802 3014 intenderit,
845 2953 942 3018 quem
982 2940 1115 3019 propter
1153 2933 1384 2998 commercium
1419 2932 1509 3000 illius

454 3047 661 3114 mulierculae
710 3047 848 3112 miserae
899 3047 1088 3136 inpudicum
1136 3069 1244 3115 amore
1286 3050 1512 3138 perstringere

454 3164 565 3229 uoluit.
608 3173 777 3249 praeterea
796 3163 1000 3230 manifestum
1022 3175 1072 3230 est
1091 3165 1125 3231 in
1146 3166 1331 3232 nominibus
1346 3167 1456 3233 Rufus
1477 3179 1512 3235 et

454 3281 549 3363 Rufi,
578 3280 665 3346 unde
693 3280 807 3346 Rufuli
827 3303 944 3348 nomen
966 3304 1025 3370 per
1045 3292 1266 3370 contemptum
1288 3294 1387 3371 poeta
1409 3285 1511 3351 demi-

455 3398 541 3481 nuit,
571 3398 727 3463 acuminis
750 3398 871 3485 aliquid
892 3399 1092 3465 reconditum
1115 3421 1188 3466 esee
1207 3423 1215 3464 ι
1236 3401 1323 3487 quod
1345 3402 1446 3489 quale
1465 3401 1512 3468 sit

449 3513 515 3610 etsi
545 3513 641 3580 hodic
671 3517 769 3603 plane
797 3515 930 3580 enodari
958 3517 1088 3604 nequit,
1124 3526 1232 3582 umen
1272 3527 1395 3583 certum
1427 3518 1509 3585 mihi

449 3613 526 3696 esse
559 3631 688 3697 uidetur
716 3631 952 3718 Doeringinm‚
996 3655 1069 3698 oum
1100 3632 1256 3699 Rufulum
1294 3636 1459 3702 coniceret
1491 3661 1512 3703 a

454 3745 596 3812 libidinis
632 3771 708 3813 suae
747 3749 894 3814 ministra
928 3749 1088 3837 accepisse
1123 3773 1258 3834 nomen,
1301 3773 1438 3818 errasse.
1491 3776 1511 3818 c

455 3865 617 3930 contrario
650 3865 756 3931 Butae
787 3887 904 3932 nomen
936 3867 1046 3932 fictum
1073 3877 1107 3933 et
1138 3890 1159 3932 a
1189 3879 1286 3955 pocta
1314 3891 1395 3936 uero
1428 3871 1511 3937 Rufi

455 3980 577 4046 nomini
610 3980 824 4048 adsimilatum
858 4004 944 4066 esse,
977 4005 1016 4048 eo
1048 3985 1212 4053 lubentius
1239 3995 1276 4052 nt
1297 3987 1429 4053 credam
1453 3989 1511 4054 ad·

457 4095 565 4178 ducor,
589 4119 652 4184 quo
674 4097 860 4184 diligentius
881 4100 1065 4166 nominibus
1085 4101 1210 4188 patriae
1233 4104 1322 4168 urbis
1344 4113 1378 4168 et
1399 4106 1510 4172 mariti

455 4213 597 4280 mulieris
613 4212 728 4279 additis
741 4224 839 4305 poeta
852 4215 997 4307 prouidit
1016 4227 1053 4284 ut
1075 4218 1171 4284 etiam
1194 4220 1254 4285 sub
1272 4219 1354 4286 falso
1375 4221 1510 4291 nomine
