3342 5200
395 692 471 744 vnn
505 692 554 745 nn
573 691 797 745 caussasse
815 691 1045 748 suessanus
1149 670 1151 674 ’
1198 696 1249 746 ars

199 859 280 949 quit.
325 857 446 926 Caesar
468 869 501 926 et
521 858 702 942 Mamurra,
729 859 879 947 inquam,
906 881 967 947 par
986 859 1068 925 illud
1089 860 1249 926 fuerunt:

196 977 232 1042 id
265 976 352 1065 quod
382 997 449 1041 non
480 976 558 1043 nulli
589 977 651 1041 uiri
680 975 766 1042 docti
793 977 894 1042 multo
922 976 1012 1064 prius
1044 999 1141 1065 quam
1171 977 1249 1043 illud

197 1090 366 1160 Massiliae
381 1114 498 1158 nomen
513 1093 682 1158 inuentum
697 1103 745 1158 est
763 1093 832 1158 iure
848 1094 970 1179 optimo
987 1092 1248 1159 adfirmauerunt

198 1210 319 1277 etenim
340 1209 404 1276 iam
428 1208 601 1295 Scaliger:
623 1211 655 1275 sa‘
671 1210 800 1275 historio
819 1209 926 1296 inquit
954 1208 1110 1295 quaedam
1131 1209 1179 1273 hic
1198 1211 1248 1274 ὑι-

198 1330 400 1417 telleperetur,
432 1328 469 1389 de
501 1328 569 1391 solia
596 1325 760 1391 Mamurra
785 1339 813 1391 et
842 1325 978 1392 Caesare
1006 1337 1123 1391 tuntum
1150 1349 1248 1391 sermo

197 1457 284 1527 esset,
305 1456 339 1509 st
358 1445 427 1509 silos
441 1442 629 1508 moechorum
650 1442 822 1531 sipas'fcros
843 1446 923 1508 diam
933 1444 1053 1531 fuisse.
1095 1443 1246 1531 idemque

196 1561 252 1626 uel
279 1558 500 1626 Froehlichius
528 1558 704 1641 intellexit,
735 1558 793 1625 etsi
824 1570 994 1648 praeterea
1022 1560 1061 1626 de
1092 1559 1153 1626 hoc
1181 1583 1249 1625 oar·

195 1678 285 1743 mine
306 1677 340 1743 in
360 1677 664 1742 commentationum
679 1675 864 1742 academiae
879 1676 1085 1744 Monacensis
1099 1701 1130 1743 vr
1146 1701 1167 1743 u
1185 1678 1249 1743 265

195 1805 229 1859 et
258 1816 280 1859 v
300 1816 331 1859 ur
353 1794 416 1859 274
442 1791 646 1858 incredibilia
676 1794 850 1881 praecepit
904 1816 1018 1859 uerum
1049 1794 1135 1859 enim
1168 1817 1247 1860 uero

196 1910 274 1999 quid
296 1911 336 1977 de
355 1909 508 1975 Maecilia
528 1909 583 1977 illa
606 1909 837 1975 statuendum?
873 1911 981 1976 omnia
1002 1919 1078 1976 sunt
1099 1911 1246 1977 obscura.

195 2028 410 2114 nequeenim
433 2026 606 2115 quicquam
635 2027 675 2092 de
703 2026 823 2092 lemine
850 2025 956 2114 gentis
983 2026 1076 2092 huius
1105 2028 1246 2115 quadam

195 2142 370 2208 memoriae
398 2141 560 2231 proditum
592 2153 641 2209 est
669 2143 758 2209 cuius
788 2153 877 2208 aetas
906 2152 939 2209 et
964 2165 1071 2208 mores
1101 2166 1173 2209 curn
1200 2145 1246 2209 cis

196 2260 334 2348 quaein
356 2260 417 2325 hoc
439 2260 581 2325 carmine
602 2260 755 2347 leguntur
777 2258 918 2348 quodam
939 2260 1036 2325 modo
1054 2270 1245 2347 congruant.

195 2400 239 2443 ex
261 2386 371 2443 nostro
394 2375 478 2441 enim
499 2378 640 2442 carmine
655 2376 840 2443 Maeciliam
862 2378 999 2464 primum
1017 2400 1090 2442 cum
1105 2376 1247 2445 Caesare

195 2505 230 2561 et
244 2493 409 2561 Mamurra
428 2492 502 2557 solis
518 2492 717 2559 adulterasse
733 2492 788 2558 sed
804 2502 918 2580 postea
931 2500 1062 2580 praeter
1081 2493 1153 2561 illos
1175 2493 1245 2560 aliis

196 2611 394 2702 quibuslibet
421 2633 456 2676 se
484 2611 687 2698 prostituisse
717 2611 898 2697 conligitur.
942 2610 999 2676 sed
1028 2610 1069 2676 de
1096 2610 1247 2677 Maecilia

195 2731 243 2796 ita
263 2738 389 2794 morata
409 2727 487 2793 nihil
502 2725 595 2792 nobis
609 2728 747 2792 relatum
763 2737 821 2792 est.
854 2727 954 2792 nihilo
969 2727 1075 2793 minus
1095 2728 1245 2793 tenebras

194 2849 254 2912 has
268 2845 384 2934 depelli
398 2867 492 2933 posse
506 2868 570 2911 non
585 2844 801 2931 desperamus.
830 2843 1058 2911 Lachmanuus
1074 2844 1158 2910 enim
1173 2867 1246 2909 cum

196 2985 215 3029 e
230 2962 376 3029 codicum
394 2961 553 3050 scriptura
568 2963 693 3028 macilis
704 2963 875 3028 lectionem
888 2963 1067 3027 Maecilium
1079 2962 1245 3049 reperiret,

196 3079 454 3146 emendationem
475 3079 537 3145 loci
551 3077 645 3144 huius
663 3081 796 3166 egregie
811 3079 977 3145 incohauit
995 3079 1124 3166 quidem
1139 3102 1245 3167 neque

196 3207 304 3264 tamen
325 3197 485 3283 perfecit:
507 3197 540 3261 id
568 3194 656 3282 quod
678 3194 797 3262 Oarolo
826 3195 953 3261 demum
980 3196 1142 3262 Pleitnero
1172 3219 1246 3262 con-

196 3314 281 3401 tigit,
303 3312 358 3400 qui
380 3312 440 3379 etsi
459 3312 493 3377 in
515 3310 560 3377 eis
582 3334 666 3399 quae
688 3312 727 3378 de
749 3310 869 3378 Catulli
895 3312 1090 3379 carminibus
1111 3311 1145 3376 in
1166 3311 1247 3379 an-

197 3452 302 3497 sarem
330 3441 363 3495 et
390 3428 591 3496 Mamurram
621 3429 750 3517 scriptis
778 3451 861 3495 anno
892 3430 972 3494 1849
1002 3428 1117 3518 Spirae
1149 3440 1247 3518 atque

196 3548 236 3614 de
247 3546 367 3616 catulli
382 3548 594 3635 epithalamiis
610 3570 693 3613 anno
711 3547 790 3613 1858
806 3547 971 3635 Dillingae
986 3545 1094 3630 edidit,
1109 3548 1247 3634 plerum·

197 3688 260 3755 que
282 3664 452 3751 insigniter
472 3665 625 3731 ariolatus
648 3674 706 3749 est,
729 3674 836 3729 tamen
859 3686 925 3729 non
938 3665 1044 3730 nullos
1058 3665 1147 3729 locos
1161 3664 1247 3730 haud

196 3783 310 3850 inscite
340 3773 512 3865 tractauit,
545 3805 683 3870 quorum
713 3780 746 3845 in
774 3803 908 3847 numero
938 3780 1023 3845 hunc
1052 3803 1182 3867 quoque
1208 3782 1247 3846 de

196 3922 261 3988 quo
292 3901 472 3987 exposituri
499 3922 608 3964 sumus
631 3898 724 3965 duco.
780 3899 963 3964 Pleitnerus
984 3896 1083 3985 igitur
1105 3898 1153 3982 (in
1175 3920 1248 3986 pro·

197 4015 385 4106 grammatis
407 4014 569 4105 Spirensis
591 4040 623 4104 p.
645 4016 697 4080 22.
719 4016 775 4102 23)
804 4015 939 4103 Pompei
972 4016 1156 4080 consulatus
1182 4037 1248 4080 non

196 4136 301 4202 solum
324 4133 364 4199 ad
387 4155 489 4199 annos
510 4131 726 4219 designandos
754 4133 811 4199 sed
837 4133 934 4198 etiam
956 4153 1029 4198 cum
1050 4131 1195 4198 acumine
1216 4142 1250 4199 et

196 4251 375 4319 subtilitate
407 4251 549 4337 quadam
582 4274 601 4317 a
633 4259 731 4339 poeta
762 4250 946 4316 nominatos
974 4270 1045 4315 esse
1074 4249 1248 4317 arbitratus
