3342 5200
402 608 435 657 74
685 604 708 655 V
743 604 791 657 DE
809 602 989 656 AMORIBVS
1005 600 1159 654 cauum

401 771 584 837 mortalium
599 770 871 835 fortunatissimus
893 770 954 835 sibi
976 768 1156 849 uidebatur,
1178 765 1349 852 conposita
1367 771 1456 827 sunt

402 889 463 953 huc
492 886 661 953 referenda
689 897 765 953 suut
792 888 848 953 illa
876 886 1042 975 praecium
1070 884 1214 949 carmina
1239 904 1261 945 u
1300 882 1457 954 Vacemus,

402 1028 469 1069 meu
490 1004 612 1087 lentat,
634 1016 722 1090 utque
742 1027 882 1069 amamus
903 1013 991 1069 atvu
1014 1002 1147 1081 Quaeris
1167 1012 1239 1086 quot
1259 1002 1330 1063 uerbi
1346 998 1459 1060 bussis-

401 1125 496 1186 ticues
517 1134 597 1203 mue,
619 1119 742 1201 Lentu,
763 1120 823 1183 suist
844 1120 923 1183 satia
942 1140 1095 1205 unperque
1116 1127 1149 1181 et
1170 1116 1210 1180 de
1231 1136 1363 1203 passere
1386 1113 1458 1177 duo

403 1260 433 1301 ιιι
453 1236 584 1325 Luqde,
616 1260 634 1302 o
670 1238 797 1301 Vmerus
828 1235 1057 1321 Oupidiucsqae
1078 1244 1111 1299 et
1133 1256 1152 1297 ιι
1175 1232 1297 1297 Purser
1318 1230 1462 1294 delictas

401 1376 486 1417 meuc
495 1354 624 1439 puellae.
669 1353 755 1441 quud
767 1353 840 1417 locu
860 1351 974 1417 ultimo
996 1353 1100 1439 posui,
1122 1370 1253 1415 carmen
1274 1346 1462 1413 secundum

402 1489 466 1533 ιιοιι
481 1468 577 1534 modo
591 1470 680 1557 prius
694 1491 791 1556 quam
808 1472 939 1535 tertium
954 1469 1010 1534 sed
1029 1468 1126 1533 etiam
1142 1466 1343 1555 priusquam
1361 1465 1461 1550 quin·

403 1596 472 1651 tum
495 1594 528 1650 et
546 1586 715 1673 septimum
733 1596 831 1673 poeta
852 1585 988 1673 scripsit,
1010 1583 1086 1673 quia
1108 1606 1223 1649 uersus
1245 1582 1277 1645 bi
1298 1584 1334 1664 (ιι
1349 1583 1379 1645 9.
1399 1582 1459 1661 10)

641 1782 736 1833 tecum
758 1769 862 1833 ludere
883 1773 959 1833 sicud
977 1773 1048 1853 ipsa
1067 1789 1188 1852 possem

641 1898 669 1949 et
687 1890 780 1950 tristis
800 1886 906 1949 animi
920 1886 1024 1958 leuare
1045 1907 1141 1949 curua

403 2070 545 2137 dolorem
558 2096 631 2141 eum
642 2075 826 2161 significare
840 2074 990 2140 uidentur
1002 2097 1067 2163 quo
1078 2074 1227 2140 Catullus
1249 2072 1459 2138 occasionem

402 2189 539 2255 Lesbiae
571 2190 812 2256 conuenieudae
834 2214 899 2255 nou
921 2192 998 2257 dum
1019 2191 1106 2255 Allio
1137 2190 1313 2255 adiuuante
1335 2201 1460 2252 nactus

402 2304 611 2371 adficiebatur
631 2328 639 2369 ι
660 2306 700 2371 cl.
717 2314 830 2371 vaul’
843 2308 895 2371 51.
939 2308 984 2373 ita
1002 2308 1086 2373 anim
1107 2329 1238 2372 carmen
1254 2330 1272 2368 ιι
1290 2305 1460 2392 explican-

403 2420 478 2484 dum
500 2444 508 2484 ι
532 2421 677 2488 Catullus
698 2432 731 2488 et
751 2421 872 2487 Lesbia
893 2424 1016 2509 pariter
1033 2444 1144 2487 amore
1165 2434 1198 2486 et
1219 2421 1381 2487 desiderio
1405 2421 1460 2485 sui

402 2535 433 2602 iu
457 2535 560 2603 uicem
588 2538 718 2605 uidendi
741 2550 773 2603 ct
795 2540 1010 2606 eouucuieudi
1032 2540 1167 2607 cruciati
1190 2540 1245 2626 (ci
1269 2539 1287 2603 7
1310 2538 1461 2604 Lesbiae

396 2661 504 2740 qrauis
539 2657 631 2718 ardor
665 2657 705 2720 10
737 2653 859 2720 Catulli
889 2661 985 2721 baites
1023 2659 1129 2742 uuae)
1164 2657 1260 2721 ambo
1297 2654 1460 2720 solacium

399 2763 582 2854 requirunt,
621 2770 708 2857 quod
742 2771 882 2836 Lesbiae
918 2771 1050 2859 quidem
1087 2774 1228 2858 passeris
1258 2771 1321 2837 ioci
1354 2774 1462 2836 iuter·

400 2883 477 2947 dum
524 2885 702 2971 praebent,
752 2907 817 2970 quo
864 2887 1012 2953 Catullus
1054 2899 1165 2953 tamen
1207 2912 1309 2974 aegre
1352 2899 1460 2953 caret.

398 3021 594 3087 quamquam
615 3002 752 3067 Lesbiae
773 3025 892 3067 nomeu
919 3003 954 3069 iu
986 3005 1184 3069 carminibus
1214 3029 1233 3069 ιι
1257 3017 1290 3070 et
1313 3028 1343 3069 ιιι
1381 3005 1463 3069 reti·

400 3123 504 3196 cetur,
526 3126 634 3181 tamen
656 3129 780 3183 certum
803 3130 853 3182 est
877 3121 1020 3206 puellam
1044 3121 1131 3185 illam
1158 3121 1312 3186 Lesbiam
1338 3121 1460 3187 fuisse.

401 3226 490 3315 quod
522 3228 562 3295 de
594 3231 643 3295 bis
676 3232 805 3319 quidem
840 3235 1038 3300 carminibus
1068 3237 1230 3303 Martialis
1266 3238 1463 3304 testimonio

400 3345 553 3429 probatur
575 3369 614 3410 vu
640 3349 719 3413 143

548 3559 607 3600 ιιοιι
629 3539 732 3622 quales
753 3541 852 3603 tenui
867 3541 1009 3624 plorassit
1029 3544 1132 3608 ams'ca
1154 3544 1278 3610 Outulla'

598 3649 722 3732 Lesbia,
744 3655 890 3739 nequitiis
904 3663 1045 3740 passeris
1066 3662 1143 3726 orta
1162 3664 1225 3745 aui,

403 3841 435 3896 ct
455 3856 520 3897 xuu
542 3834 581 3897 ll
605 3837 709 3904 Oenea
730 3842 869 3906 eborea:

552 3997 1247 4093 Sitibitaltsers’tquulcmdilectuGutullo

599 4114 716 4182 Lesbia
735 4124 889 4205 plorabat,
909 4125 959 4189 lau
978 4131 1113 4193 Mlalure
1130 4146 1242 4215 puteat.
