3342 5200
502 592 526 641 V
560 592 608 642 DE
624 590 804 643 monete
822 588 978 641 cmm
1229 594 1262 643 ld

210 782 321 846 neque
343 768 456 825 tarum
477 757 519 823 de
541 759 612 823 aliie
631 758 839 839 carminibus,
858 755 900 821 de
921 757 1040 845 quibus
1058 755 1153 823 huius
1175 757 1262 823 modi

210 878 401 941 testimonia
422 898 488 941 uon
508 876 672 957 habemus,
693 874 799 941 miuus
820 884 944 940 cenum
965 884 1024 957 eet,
1055 874 1095 939 cf.
1117 876 1262 940 earmina

208 1018 262 1058 vm
286 1018 321 1059 xi
343 1016 401 1065 χιιι
423 1016 527 1058 mvi
556 1015 667 1057 xxxvii
693 1016 807 1059 xxxxii
835 1008 949 1057 mter·
969 999 1085 1057 varw
1107 1012 1178 1057 Lxx
1204 992 1260 1073 (of.

210 1116 320 1195 uuir)
343 1132 470 1177 Lxxvnr
494 1110 512 1173 'l
536 1130 638 1176 uxxvr
659 1130 787 1175 Lxxxx!
810 1128 873 1175 οιιιι
894 1128 990 1175 evuin.

294 1227 383 1297 Cum
406 1227 509 1293 dratio
531 1227 572 1293 ad
594 1249 710 1293 nomen
730 1226 871 1293 Lesbiae
891 1225 1074 1307 deuenerit,
1103 1224 1259 1291 hocloco

209 1368 315 1435 pauca
346 1343 468 1410 addere
496 1345 611 1431 placet.
655 1326 838 1432 quaerimus
864 1345 951 1409 enim
978 1366 1037 1409 eur
1067 1344 1101 1408 iu
1121 1342 1259 1409 Lesbiae

209 1463 418 1550 potissimum
441 1484 558 1527 nomen
581 1461 697 1525 falsum
724 1459 871 1527 Catullus
886 1458 1020 1527 Clodiae
1040 1482 1159 1525 nomeu
1178 1460 1260 1527 eele-

209 1591 301 1646 turus
315 1579 478 1645 inciderit.
515 1601 628 1643 uerum
645 1578 719 1643 olim
733 1578 864 1643 Ieaaeus
881 1577 1017 1643 Vossius
1030 1576 1181 1665 dispexit,
1203 1578 1259 1665 qui

209 1696 477 1763 obseruationum
508 1719 539 1783 p.
574 1697 634 1759 189
663 1696 744 1760 haec
779 1694 923 1783 scripsit,
958 1694 1098 1760 &mlius
1131 1707 1259 1781 qucrrtm

210 1814 362 1901 Sapphus
386 1814 489 1899 fcerit
519 1826 638 1878 emmor
667 1813 721 1879 ael
750 1813 867 1877 calade
898 1813 1053 1897 coelique
1079 1814 1147 1877 lc'cct
1176 1814 1260 1900 quod

207 1934 343 1997 Lesbiae
363 1932 475 2017 quouis
495 1932 560 1997 clio
570 1931 674 2015 potius
696 1932 816 1997 nemrim
830 1954 921 1995 auam
941 1932 1097 1995 uacauit
1115 1932 1257 1995 amicum.

207 2050 354 2136 profecto
389 2046 527 2114 Lesbiae
558 2070 675 2113 nomeu
711 2047 931 2115 Catulliauum
963 2044 1114 2135 Sapphus
1148 2048 1258 2113 statim

207 2164 443 2252 adpellationes
473 2164 505 2229 in
535 2164 722 2229 memoriam
749 2176 899 2246 reuocat,
932 2166 1045 2253 quales
1073 2176 1148 2230 sunt
1169 2165 1256 2253 apud

208 2283 366 2349 Ouidium
389 2295 473 2347 autea
501 2283 619 2347 Lesbia
646 2281 799 2367 (tristium
822 2306 852 2346 ιιι
875 2282 891 2345 l
916 2282 972 2364 20)
1001 2284 1123 2347 Aeolica
1143 2284 1256 2349 lechis

207 2407 309 2465 actico
330 2404 418 2485 lyrae
448 2400 609 2482 (amorum
632 2422 648 2462 ιι
673 2400 797 2483 1826).
840 2400 881 2465 cf.
903 2398 943 2465 de
964 2399 1085 2465 Alcaeo
1107 2400 1257 2467 Lesbium

203 2522 352 2605 plectrum
375 2528 408 2582 et
429 2518 559 2581 Medma
580 2522 651 2581 ciuis
673 2516 757 2605 apud
779 2515 949 2583 Horatium
971 2517 1163 2601 (carminum
1184 2539 1193 2581 ι
1214 2518 1257 2583 26

209 2639 254 2701 ll.
283 2637 328 2701 32
349 2636 395 2719 5).
439 2635 520 2700 haec
550 2637 709 2701 sententia
742 2659 779 2700 eo
813 2637 896 2702 bene
925 2635 1136 2702 confirmatur
1168 2636 1257 2724 quod

208 2753 361 2841 Sapphus
392 2755 535 2818 carmina
563 2763 692 2840 poetam
715 2753 937 2819 Veronensem
958 2753 1087 2841 plurimi
1110 2753 1256 2819 aestima·

209 2871 293 2936 uisse
321 2892 456 2935 caussae
485 2872 605 2936 multae
627 2871 773 2958 probant.
818 2871 919 2936 ueluti
941 2893 1070 2936 carmen
1091 2870 1255 2958 quoddam

208 2989 401 3053 amatorium
423 2989 565 3075 poetriae
587 2989 726 3055 Lesbiae
754 2990 895 3054 carmine
916 3009 949 3054 Ic
972 2988 1119 3056 Catullus
1139 2989 1174 3052 in
1194 2990 1256 3054 La-

208 3107 312 3172 tinum
346 3105 506 3190 conuertit
527 3117 561 3172 et
594 3108 734 3172 carmine
764 3127 830 3172 exn
853 3129 982 3172 carmen
1003 3107 1089 3172 illiue
1110 3108 1255 3196 nuptiale

208 3224 352 3290 imitatus
375 3232 432 3288 est
456 3224 526 3307 (cl,
559 3232 595 3289 ut
616 3224 695 3290 alios
717 3223 873 3305 omittam,
895 3224 1104 3290 Leutsehium
1123 3224 1156 3289 in
1178 3247 1255 3290 nuu-

211 3342 260 3407 tiis
290 3340 428 3406 eruditis
454 3340 725 3428 Gottiugensibus
752 3342 827 3408 anui
854 3341 935 3406 1855
960 3367 992 3429 p.
1019 3343 1134 3426 1992),
1167 3343 1254 3410 deni·

211 3482 271 3546 que
294 3457 431 3526 Caecilii
445 3458 698 3524 Nouocomensis
719 3458 857 3545 puellam
877 3457 1056 3524 litterarum
1077 3459 1254 3526 studiosam

212 3587 243 3640 ut
253 3575 430 3661 insigniter
440 3573 588 3640 laudaret
597 3570 768 3663 ‘Sapphica
778 3598 869 3640 musa
881 3569 1066 3641 doctiorem'
1077 3576 1183 3661 (xxxv
1199 3578 1252 3661 16)

210 3691 393 3781 adpellauit.
424 3691 481 3756 sed
496 3714 572 3756 uum
588 3716 653 3779 qua
665 3693 790 3758 ratione
805 3691 952 3758 Catullus
966 3694 1095 3759 nomine
1108 3695 1253 3780 poetriae

210 3809 404 3875 clarissimae
424 3808 583 3875 honorare
603 3809 762 3896 potuisset
783 3810 919 3877 amicam
941 3834 1041 3894 suam,
1063 3813 1089 3878 ei
1111 3835 1149 3878 ea
1169 3813 1252 3877 litte·

210 3949 319 3992 rarum
334 3935 366 3992 et
381 3927 458 3992 artis
473 3948 624 3992 uersuum
638 3927 884 4014 pangendorum
898 3930 993 4016 plana
1008 3932 1096 3998 rudis
1108 3931 1220 3997 fuisset
1235 3929 1252 3994 ‘l

210 4043 314 4108 audio
357 4042 447 4129 atqui
470 4042 616 4108 Clodiam
637 4065 702 4108 uon
723 4045 818 4110 modo
839 4046 954 4112 litteris
974 4069 1105 4134 operam
1126 4049 1252 4116 dedieee

211 4159 266 4225 sed
281 4159 379 4227 etiam
393 4159 426 4225 in
441 4159 553 4247 primis
568 4161 713 4227 uersibus
728 4161 884 4228 faciendis
898 4187 1031 4231 uacasse
1046 4164 1167 4253 optimo
1180 4165 1251 4232 iure
