3342 5200
586 674 637 724 Vll
670 674 718 725 Du
735 674 879 727 ITINERE
895 672 1090 727 BITHYNICO
1313 674 1362 723 165

310 842 453 909 carmina
476 861 622 907 xxxxvur
645 849 678 903 et
701 858 791 904 Lvun
819 839 944 904 Romae
967 838 1363 917 1111698156101111111

310 958 432 1047 scripta
459 980 540 1022 esse.
593 978 677 1043 quae
706 955 747 1019 de
777 955 920 1021 Memmii
949 978 1057 1021 annua
1085 956 1362 1023 administratione

310 1075 486 1162 Bithyniae
507 1071 692 1153 statuimus,
726 1071 811 1135 omni
841 1071 1033 1136 dubitationi
1064 1084 1214 1159 exempta
1243 1083 1362 1155 essent,

311 1192 338 1257 si
360 1191 415 1255 lex
430 1191 515 1255 Iulia
531 1189 571 1255 de
585 1188 771 1274 prouinciis,
793 1210 876 1275 quae
899 1188 1000 1253 edixit
1019 1211 1062 1254 ne
1083 1188 1266 1275 praetoriae
1288 1211 1361 1276 pro-

311 1308 439 1376 uinciae
457 1284 545 1394 'plus
577 1327 674 1393 quam
706 1327 825 1369 annum
855 1326 938 1369 neue
970 1307 1043 1393 plus
1074 1327 1170 1391 quam
1196 1305 1359 1371 biennium

311 1425 498 1491 consulares
523 1421 746 1489 obtinerentur
768 1421 823 1505 (cl.
846 1418 1012 1486 Ciceronis
1034 1421 1290 1509 Philippicarum
1312 1446 1318 1485 ι
1342 1422 1362 1485 8

312 1543 378 1625 19),
400 1537 432 1607 id
449 1538 537 1629 quod
552 1536 720 1602 Hoeckius
734 1537 767 1600 in
781 1535 934 1601 historiae
949 1536 1120 1602 Romanae
1135 1561 1142 1599 ι
1163 1538 1224 1602 199
1239 1537 1361 1621 statuit,

311 1682 333 1723 a
348 1657 490 1725 Caesare
506 1678 534 1720 1.
550 1654 667 1730 beesca
683 1655 815 1719 consule
836 1654 904 1717 lata
925 1662 1020 1737 esset,
1042 1654 1099 1719 sed
1119 1656 1221 1719 multo
1244 1653 1363 1719 rectius

311 1800 333 1842 a
354 1775 545 1840 Drumanno
568 1774 610 1853 (m
633 1769 710 1855 624)
733 1792 818 1835 anno
842 1770 958 1848 108146
980 1772 1177 1836 attribuitur.

394 1889 550 1955 Amicitia
576 1887 720 1953 Memmii
750 1897 782 1952 et
810 1884 930 1952 Catulli
956 1886 1041 1953 illius
1063 1887 1201 1954 auaritia
1224 1898 1257 1953 et
1278 1886 1360 1952 inso-

291 1996 411 2072 ‘lentia
432 2028 509 2071 mox
529 2003 708 2091 interrupta
730 2011 797 2086 eat,
829 2004 870 2069 de
891 2026 955 2092 qua
975 2015 1072 2091 poeta
1092 2006 1219 2092 saepius
1245 2004 1361 2069 acerbe

309 2132 444 2212 questus
467 2132 524 2188 est.
568 2144 641 2186 cum
655 2099 734 2186 Vari
757 2121 935 2187 scortillum
952 2122 1004 2205 (cf.
1028 2122 1188 2188 decimum
1211 2123 1355 2204 carmen)

311 2264 354 2306 ex
376 2252 473 2327 poeta
495 2236 707 2327 quaesiuisset

966 2381 1037 2464 qnid
1056 2390 1131 2442 esset

510 2501 568 2559 ium
589 2496 751 2580 Bithynia,
773 2517 830 2581 quo
850 2494 938 2559 modo
959 2518 991 2558 se
1012 2494 1136 2558 baberet

510 2637 678 2700 ecquonam
700 2614 777 2678 arilei
788 2612 970 2698 profuisset
990 2635 1073 2688 aere,

307 2774 336 2840 11
358 2771 524 2861 respondit

616 2931 651 2995 r'd
672 2931 751 3018 qnod
770 2942 836 2994 erat
856 2956 867 2994 :
887 2930 968 2994 nihil
987 2953 1084 3016 neque
1104 2931 1182 3015 ipsis

510 3069 565 3110 nec
585 3047 778 3130 praetoribus
800 3069 864 3109 esee
885 3020 941 3109 nec
962 3046 1082 3111 cohorti

509 3185 564 3226 cur
585 3166 748 3247 quisquam
770 3173 864 3246 caput
884 3163 1003 3227 ucetica
1024 3161 1164 3246 referret,
1267 3139 1270 3142 Α

507 3277 691 3362 praesertim
713 3277 824 3362 quibus
846 3290 923 3342 esset
943 3279 1112 3343 irrumator

506 3405 631 3478 praetor
651 3393 852 3478 arefaciens
868 3394 930 3478 pili
949 3394 1106 3457 cohortem.

310 3590 410 3666 atque
440 3577 475 3641 in
502 3576 642 3642 carmine
664 3598 768 3642 xxvru
798 3575 999 3641 Verennium
1027 3586 1060 3641 et
1080 3574 1270 3657 Fabullum,
1305 3575 1361 3663 qui

311 3717 385 3760 cum
416 3693 536 3758 Pisone
563 3703 713 3779 praetore
748 3692 781 3756 in
813 3693 981 3778 prouincia
1011 3692 1150 3778 quadam
1185 3714 1359 3757 commora-

311 3810 440 3891 bantur,
463 3806 524 3874 sibi
546 3807 752 3873 amicissimos
774 3806 922 3874 Catullus
943 3808 1005 3872 hoc
1026 3807 1123 3872 modo
1146 3808 1327 3894 interrogat
1354 3831 1361 3871 :

466 3991 546 4078 quid
564 4014 667 4056 reram
685 3995 823 4079 qenb's?
865 3992 976 4056 satisne
998 4013 1068 4054 cum
1090 3991 1149 4054 r‘ato

462 4133 569 4195 eappa
590 4109 769 4195 frrqoroque
791 4120 818 4172 et
835 4107 958 4193 famem
979 4109 1120 4173 tulistis?

463 4225 647 4312 ecquidnam
668 4225 705 4291 11
726 4224 838 4291 tabulis
855 4235 941 4310 patet
958 4224 1064 4290 11111111
