3342 5200
441 701 465 753 V
500 700 548 752 Du
565 699 746 753 suoumvs
763 700 918 753 Gh‘l'mal
1199 702 1249 753 116

195 867 299 954 igitur
328 863 455 933 Gellius
485 867 598 931 consul
619 889 648 931 a.
672 866 789 945 718136
810 875 845 931 st
863 864 986 932 Valerii
1007 865 1055 931 illi
1077 866 1249 933 Messallae

195 984 316 1049 fratres
339 984 459 1050 uterini
474 984 616 1050 fuerunt.

277 1100 318 1167 L.
354 1100 409 1167 ille
444 1100 571 1167 Gellius
606 1109 698 1188 pater
734 1100 818 1165 Pola
852 1120 957 1166 uxore
998 1098 1085 1165 circa
1125 1120 1246 1165 annum

196 1216 316 1295 676179
331 1217 503 1304 repudiate
517 1217 653 1283 alteram
666 1238 802 1283 uxorem
817 1215 920 1297 duxit,
942 1216 1035 1281 cuius
1055 1236 1174 1281 nomen
1188 1236 1249 1281 nos

196 1334 285 1400 lete-t.
330 1334 411 1399 haec
437 1341 508 1399 erat
535 1334 574 1400 L.
598 1333 695 1401 Gellii
722 1334 780 1399 filii
812 1354 971 1417 nouerca,
1003 1354 1142 1419 quacum
1163 1332 1249 1397 bunc

197 1460 346 1537 stuprum
369 1450 529 1516 incestum
548 1449 656 1516 facere
685 1459 720 1515 et
745 1458 839 1535 pater
865 1450 934 1514 eius
965 1448 1191 1537 suspicabatur
1217 1457 1251 1513 st

198 1564 348 1633 Catullus
379 1575 512 1633 utrem
543 1566 746 1654 exploratam
774 1567 951 1652 castigasse
979 1566 1117 1631 uidetur.
1165 1587 1249 1653 quse

190 1684 362 1749 'sententia
376 1682 473 1749 rebus
494 1704 559 1748 non
580 1681 676 1747 nullis
691 1680 801 1770 pulcre
815 1682 1068 1749 commendatur.
1110 1682 1250 1769 primum

196 1800 234 1866 L.
257 1797 359 1865 Gellii
387 1798 446 1865 filii
467 1808 555 1865 aetas
584 1809 634 1865 est
662 1820 701 1865 ea
730 1820 794 1887 qua
821 1799 996 1866 adiuuetur
1020 1796 1086 1863 illu
1129 1796 1248 1864 etenim

196 1916 325 1983 Gellius
359 1938 444 1981 anno
472 1917 606 2001 696168,
640 1918 691 1982 cui
722 1915 844 1985 Catulli
870 1918 904 1981 in
933 1914 1077 1983 Gellium
1105 1915 1249 1982 carmina

195 2031 411 2099 adtribuenda
431 2042 525 2116 sunt,
547 2034 574 2097 si
595 2034 681 2098 illius
703 2054 788 2098 anno
810 2031 969 2099 consulari
989 2030 1138 2110 nitimur,
1159 2033 1249 2119 uige-

194 2150 314 2217 simum
334 2170 435 2215 unum
456 2150 571 2215 aetatis
593 2150 661 2235 egit
681 2174 689 2215 r
711 2147 860 2217 Catullus
873 2157 943 2213 tum
957 2148 1249 2237 undetrigesimum

194 2270 328 2355 agebat.
366 2266 403 2331 L.
418 2265 519 2353 igitur
533 2262 632 2331 Gellii
647 2276 735 2332 aetas
750 2266 850 2333 aetati
863 2264 983 2333 Catulli
997 2266 1100 2331 multo
1114 2266 1250 2354 propior

192 2393 265 2451 erat
285 2404 385 2470 quarn
407 2381 505 2449 Gellii
527 2379 685 2449 Clodiani.
727 2392 897 2470 praeterea
924 2380 1005 2447 nihil
1025 2381 1148 2469 inpedit
1170 2383 1250 2470 quin

193 2502 231 2567 L.
261 2498 407 2567 Gellium
436 2497 562 2563 duobus
591 2498 736 2563 tribusne
774 2498 867 2564 annis
898 2507 972 2584 post
1005 2522 1101 2565 suum
1129 2522 1248 2566 aunum

193 2616 400 2684 consulatum
420 2615 561 2701 gessisse
582 2614 791 2698 arbitremur,
817 2614 865 2680 ita
889 2626 928 2684 ut
949 2616 991 2683 G.
1013 2615 1129 2683 Licinii
1150 2615 1246 2685 Calui

193 2744 228 2801 et
243 2733 291 2800 M.
308 2733 412 2798 Caelii
427 2731 503 2797 Rufi
524 2729 667 2818 aequalis
682 2729 789 2814 fuerit,
812 2751 951 2818 quorum
974 2732 1112 2797 alterum
1133 2730 1246 2798 eadem

82 2845 83 2922 Q
194 2873 238 2917 ex
268 2870 385 2916 caussa
414 2859 512 2936 atque
540 2847 682 2916 Gellium
714 2846 844 2916 Catullo
871 2849 1011 2915 inuisum
1029 2849 1127 2914 fuisse
1147 2871 1246 2935 supra

82 2963 83 2988 ³
193 2941 500 3035 demonstrauimus.
544 2963 659 3030 deinde
675 2965 825 3031 Valerius
846 2964 1010 3032 Maximus
1030 2965 1121 3031 illum
1141 2963 1246 3052 ipsum

192 3086 355 3151 incestum
387 3081 425 3147 L.
457 3081 556 3149 Gellii
584 3103 657 3147 cum
684 3091 788 3148 matre
815 3081 937 3148 factum
967 3092 1080 3171 aperte
1111 3105 1247 3149 comme

192 3209 312 3285 moret,
335 3199 426 3265 cuius
448 3222 564 3266 caussa
578 3197 727 3265 Catullus
742 3197 885 3266 Gellium
905 3198 1113 3288 reprehendit
1127 3221 1136 3263 ι
1149 3199 1247 3266 immo

194 3320 222 3386 si
244 3328 377 3406 tempus
405 3326 587 3404 spectamus
618 3338 682 3404 quo
712 3313 841 3382 Gellius
870 3338 944 3381 cum
969 3326 1073 3382 matre
1100 3326 1249 3403 stuprare

196 3436 325 3502 solebat
354 3433 407 3498 uel
434 3434 549 3499 saltem
576 3432 767 3521 putabatur,
807 3431 915 3497 omnia
948 3433 1068 3520 optime
1098 3434 1184 3498 inter
1213 3455 1248 3498 se

196 3551 369 3640 quadrant.
426 3549 574 3617 Catullus
617 3550 702 3615 enim
743 3547 985 3635 epigrammatis
1026 3548 1096 3614 illis·
1122 3548 1248 3636 flagitia

197 3668 298 3735 Gellii
320 3666 546 3754 reprehendit,
580 3687 664 3754 quae
684 3675 810 3732 tantum
832 3665 924 3732 abest
955 3676 992 3732 ut
1018 3675 1094 3731 ante
1120 3676 1249 3752 tempus

196 3785 328 3872 longius
358 3783 521 3869 quoddam
542 3784 595 3849 ille
616 3782 830 3867 commiserit,
862 3793 900 3849 ut
929 3782 983 3849 illo
1011 3783 1082 3870 ipso
1104 3791 1249 3868 tempore

197 3923 262 3989 quo
284 3909 385 3989 poeta
415 3899 557 3965 carmina
585 3900 713 3988 scripsit
739 3899 863 3966 fecerit.
905 3922 970 3987 qno
993 3921 1079 3966 enno
1102 3897 1250 3965 Catullus

197 4019 435 4106 epigrammata
468 4016 524 4083 illa
562 4017 730 4104 conposuit
770 4017 814 4100 (a.
846 4016 1000 4100 696168),
1047 4038 1085 4081 eo
1124 4014 1250 4080 Gellius

197 4157 299 4202 unum
322 4143 356 4199 et
376 4132 570 4219 uigesimum
592 4133 662 4217 uel,
690 4132 777 4220 quod
796 4133 906 4220 paullo
926 4143 1001 4198 ante
1023 4142 1165 4199 statuere
1186 4155 1251 4198 ma·

197 4249 324 4334 luimus,
347 4250 544 4338 nigesimum
568 4258 717 4336 quartum
736 4249 887 4316 habebat
930 4250 1119 4390 adulespens
1138 4249 1250 4336 igitur,

999 4351 1020 4414 8
