3342 5200
391 590 425 639 tt
534 588 559 639 Π
592 586 642 641 ΠΙ
659 584 764 639 snm
782 584 915 639 utrm
930 584 978 637 H
993 530 1126 637 Fl'i'ffl
1142 582 1298 639 esrum
1431 659 1435 663 ἵ

391 753 563 821 Hurchkio
576 754 671 821 anull
686 752 747 821 litt.
770 776 800 841 p.
814 752 857 819 53
876 752 1016 841 repetita
1031 752 1113 819 haee
1136 750 1276 818 Valerios
1294 752 1441 833 muns,

392 873 526 957 scriptor
555 870 689 957 lyrense,
733 871 869 937 Veronae
891 875 1032 937 mocon
1060 871 1231 957 olympiade
1254 867 1443 937 otmlr

392 1012 474 1055 oneo
503 999 698 1054 emeretur·
723 987 908 1055 &uorem
930 985 1072 1075 stirpam
1092 987 1179 1053 diris
1201 984 1305 1051 Marii
1321 986 1442 1051 &ellae-

390 1128 450 1193 que
463 1106 658 1191 temporibus,
679 1128 737 1191 quo
759 1102 807 1171 die
821 1105 945 1171 Plotius
964 1106 1092 1170 latiorem
1109 1103 1295 1169 rhetoricam
1314 1102 1441 1187 primm

392 1219 511 1287 mmor
534 1223 640 1287 dooere
660 1226 764 1307 coepit
804 1221 925 1285 omoos't
948 1222 999 1287 oie
1017 1222 1152 1307 puellam
1165 1220 1348 1306 primariam
1371 1216 1440 1285 ou

392 1339 483 1421 diam,
505 1361 594 1425 qulam
608 1337 754 1403 habram
768 1360 825 1403 suo
838 1338 975 1423 adpelle!
987 1342 1018 1403 in
1033 1341 1176 1403 eunome.
1204 1336 1441 1401 inanimus

383 1452 451 1541 finit
459 1467 487 1519 et
495 1466 733 1541 mtempsetote
741 1478 836 1540 poros
846 1477 979 1539 paucos,
987 1458 1018 1519 in
1027 1455 1152 1519 licendo
1161 1451 1356 1538 (offirmato
1365 1476 1439 1517 oro·

392 1576 470 1637 tione
489 1571 966 1657 nmmoremlrnbm'tnems'aem.
1008 1571 1045 1637 ia
1065 1571 1143 1636 s'oes's
1162 1569 1440 1656 connuncupatus

390 1691 424 1754 ia
452 1690 545 1754 enisi
571 1711 645 1755 uero
670 1690 884 1777 yrooisaimar
909 1693 1010 1755 cenot
1051 1692 1159 1753 erotica
1186 1690 1309 1773 soripn't
1328 1700 1356 1753 et
1378 1690 1439 1772 epi·

392 1803 576 1869 thelonium
612 1806 646 1870 iu
672 1805 834 1870 Manlirrm.
876 1828 957 1871 oneo
983 1827 1055 1869 uero
1089 1808 1198 1869 octaua
1227 1826 1303 1869 arsos
1337 1802 1445 1868 XXX

392 1920 510 1987 Rerum
537 1921 665 1987 moriter
695 1923 793 1987 elatos
817 1945 949 1987 moerore
964 1920 1097 2007 pobla'oo.
1139 1930 1249 1985 tamen
1269 1918 1349 1987 haec
1370 1919 1439 1985 uita

392 2036 524 2125 eiusque
545 2060 618 2103 cum
639 2037 831 2126 Hieronymi
851 2036 1086 2105 adnotamentis
1113 2035 1328 2125 congruentia
1346 2033 1438 2101 nihili

391 2154 591 2221 aestimande
612 2163 669 2239 est,
691 2154 844 2244 quoniam
866 2178 905 2223 ea
917 2163 1043 2221 tanturn
1063 2153 1158 2221 abest
1177 2163 1214 2219 nt
1234 2175 1278 2221 ex
1298 2152 1437 2243 antiqui·

321 2342 330 2361 ·
390 2280 474 2353 tete,
509 2270 543 2336 id
563 2272 650 2359 quod
671 2271 858 2337 Huschkius
878 2280 912 2337 ct
932 2269 1110 2337 Paldarnus
1132 2272 1181 2359 (p.
1201 2270 1258 2355 26)
1279 2279 1314 2337 et
1335 2269 1438 2336 Bern-

390 2385 522 2454 hardius
551 2410 697 2475 quoqne,
731 2388 760 2454 si
786 2410 872 2477 quae
896 2388 929 2455 in
958 2389 1139 2455 litterarum
1165 2386 1302 2454 historia
1322 2410 1353 2475 p.
1372 2386 1438 2452 514

388 2502 517 2592 scripsit
547 2512 635 2569 reete
660 2504 871 2593 interpretor,
900 2504 964 2573 sibi
991 2514 1239 2593 per-suaserunt,
1271 2514 1437 2593 superstes

388 2631 421 2687 et
446 2631 574 2688 servata
602 2621 659 2707 sit,
690 2630 727 2687 ut
755 2623 797 2689 ab
825 2622 910 2690 Itslo
930 2622 1049 2690 soeculi
1074 2646 1120 2691 xv
1146 2623 1286 2712 quodam
1307 2644 1436 2688 consar-

388 2739 496 2806 cinato
526 2739 577 2806 sit.
626 2739 683 2828 qui
713 2740 800 2807 unde
830 2741 1048 2830 cognitionem
1076 2763 1168 2808 snam
1197 2738 1341 2806 hauserit
1367 2759 1437 2804 non
1575 2810 1576 2813 Ἴ

387 2855 585 2942 ignoramus.
626 2857 769 2924 maxima
793 2859 893 2925 enim.
907 2859 996 2924 uitae
1016 2880 1094 2946 pars
1113 2879 1157 2924 ex
1176 2879 1242 2922 non
1262 2854 1359 2922 nullis
1379 2855 1436 2922 ad·

387 2973 608 3040 notationibus
638 2975 680 3042 ab
704 2974 906 3064 Hieronymo
927 2975 968 3042 od
990 2975 1122 3042 Eusebii
1144 2973 1296 3040 chronica
1315 2971 1435 3039 additis

387 3099 522 3155 consuta
542 3099 602 3156 est.
645 3113 729 3179 quse
751 3114 803 3157 res
831 3114 905 3158 eum
931 3115 970 3159 co
991 3092 1149 3180 probatur
1169 3089 1258 3180 qnod
1279 3111 1370 3156 error
1390 3088 1434 3155 ab

386 3205 587 3295 Hieronymo
609 3207 649 3274 de
670 3231 755 3274 anno
778 3208 847 3276 sine
868 3209 968 3276 natali
988 3209 1057 3275 siue
1077 3208 1168 3276 fatali
1189 3206 1378 3274 commissus
1398 3205 1435 3273 in

386 3320 455 3388 nite
476 3345 606 3411 quoque
625 3325 763 3413 legitur,
795 3337 865 3394 tum
886 3344 925 3392 eo
947 3326 1034 3415 quod
1055 3347 1139 3414 quae
1159 3324 1200 3391 tle
1222 3322 1378 3392 Sallustio
1400 3334 1436 3392 ot

386 3435 494 3505 Plotio
522 3452 694 3508 narrentur
724 3443 809 3531 apud
841 3444 979 3510 cundem
1007 3443 1243 3531 Hieronymum
1264 3450 1435 3508 extentat

385 3551 433 3619 ita
452 3554 601 3644 quidem,
633 3567 669 3624 nt
690 3581 774 3646 quse
795 3561 836 3626 nd
857 3559 999 3627 Plotium
1018 3558 1181 3648 portinent
1201 3560 1433 3626 adnotamento

387 3673 474 3760 quod
484 3673 524 3738 de
536 3672 655 3742 Catulli
666 3698 750 3742 anno
764 3675 866 3742 natali
876 3677 1082 3764 estproximo
1092 3674 1296 3759 antecedant,
1317 3684 1433 3742 contra

386 3809 471 3874 quae
493 3789 534 3856 ad
557 3788 702 3856 Sallustii
722 3814 843 3858 annum
863 3793 1003 3859 natalem
1032 3803 1182 3882 spectant
1206 3791 1254 3858 illi
1281 3793 1433 3881 proximo
1575 3812 1576 3815 ’

385 3903 593 3972 subiciantur.
635 3907 685 3973 his
700 3909 805 3975 tribus
821 3908 1013 3998 Hieronymi
1033 3909 1313 3976 obseruationibus
1335 3909 1433 3976 simul

384 4043 457 4087 cnm
472 4043 511 4090 es
525 4045 622 4111 quam
637 4024 678 4092 de
692 4025 812 4094 Catulli
826 4036 931 4093 morte
943 4026 1029 4094 idom
1044 4027 1216 4115 conposuit
1236 4049 1312 4094 usus
1324 4025 1432 4096 Italus

383 4136 438 4206 ills
447 4161 514 4205 non
525 4141 612 4208 cauit
621 4141 709 4210 nein
727 4165 854 4210 errores
863 4166 984 4232 graues
991 4143 1157 4212 incideret.
1176 4154 1275 4234 atque
1289 4145 1433 4232 primurn
