3342 5200
473 622 500 673 V
532 621 582 677 DE
599 622 778 678 sucumve
795 622 949 677 cumn
1205 624 1240 677 88

188 790 292 857 amico
314 789 437 877 perfido
460 798 494 857 et
513 788 630 873 lelleci,
660 789 822 857 desertum
844 810 882 855 ee
901 787 1054 857 miserum
1074 812 1146 857 esse
1165 812 1240 857 cum

186 908 333 973 maximo
354 905 452 971 enimi
471 905 583 971 dolore
611 906 690 973 dicit
710 928 718 972 ε
742 906 784 973 oi.
806 928 938 973 carmen
958 929 1029 973 xxx
1049 907 1165 991 Alfene
1184 910 1237 974 in·

187 1048 299 1089 memor
319 1036 412 1111 atque
438 1022 594 1089 mimis
621 1023 706 1107 false
726 1026 887 1089 sedullus.
929 1022 1002 1112 quis
1021 1015 1160 1091 Alfenus
1181 1023 1237 1091 ille

186 1141 289 1206 fuerit
315 1140 479 1223 noscitur,
511 1161 709 1229 quemquem
731 1142 814 1209 scire
844 1138 937 1209 multi
965 1138 1028 1207 uin'
1056 1139 1145 1205 docti
1174 1140 1236 1205 sibi

188 1256 396 1323 uidebantur.
410 1255 583 1343 insigniter
594 1259 703 1325 Iustus
714 1256 843 1345 Lipsius
854 1267 998 1345 nugatus
1012 1266 1063 1323 est
1074 1256 1239 1323 ostiorum

186 1373 365 1438 lectionum
397 1395 427 1437 ιιι
449 1372 470 1437 5
492 1396 523 1460 p.
547 1373 604 1456 66,
640 1396 713 1439 curn
746 1394 876 1439 carmen
903 1397 974 1441 xxx
1001 1373 1042 1441 (le
1069 1374 1238 1441 Ciceronis

188 1488 289 1555 exilio
311 1488 567 1575 intellegendum
589 1499 621 1555 et
640 1511 661 1554 s
684 1488 813 1557 Catullo
835 1492 896 1557 sub
915 1491 1081 1557 Ciceronis
1102 1514 1241 1579 persons

187 1606 221 1671 in
242 1606 437 1693 Pompeium
458 1604 536 1672 ficto
558 1606 665 1672 Alfeni
692 1608 822 1673 nomine
849 1608 1045 1695 adpelletnm
1073 1608 1135 1673 eibi
1165 1629 1236 1696 per·

186 1722 342 1789 suaderet
362 1722 515 1809 scriptum
536 1744 615 1787 esso.
657 1722 752 1789 elium
773 1724 861 1789 uiam
886 1724 1021 1811 ingressi
1041 1723 1235 1791 Perthenius

186 1838 337 1905 Muretus
348 1836 495 1925 Scaliger
502 1837 636 1905 Vossius
649 1838 992 1927 VulpiosDoeringius
1000 1840 1236 1929 Hertebergius

186 1955 347 2021 Mnnkius
366 1954 523 2021 Alfenum
544 1955 668 2021 Verum
689 1955 767 2021 iuris
792 1956 974 2023 consultum
994 1967 1109 2045 putent
1131 1980 1151 2023 s
1174 1956 1234 2027 Os·

185 2071 265 2137 tullo
282 2070 490 2157 designatum
505 2093 586 2139 esse.
630 2071 686 2159 qui
707 2072 855 2160 plerique
873 2072 970 2140 etism
991 2074 1136 2141 cormino
1159 2073 1234 2159 duo,

185 2211 271 2277 quoe
292 2187 336 2253 sd
356 2187 481 2253 Verum
503 2187 666 2276 quendem
695 2187 845 2255 Catullus
871 2189 999 2277 scripsit
1019 2214 1042 2255 x
1072 2190 1169 2256 Vener
1188 2216 1237 2257 mc

184 2328 272 2371 muse
292 2304 341 2370 od
360 2328 434 2370 orsos
454 2328 570 2370 amores
591 2315 622 2371 et
644 2328 712 2371 xxu
737 2304 896 2391 Suffenus
915 2310 987 2383 sete,
1023 2306 1117 2389 Vere,
1148 2330 1234 2395 quem

180 2423 278 2508 probe
298 2426 376 2487 nosti
394 2421 436 2487 ed
450 2421 589 2488 eundem
601 2422 754 2489 Alfenum
767 2421 893 2489 Verum
907 2425 1052 2489 referunt
1065 2423 1121 2507 (of.
1137 2422 1234 2491 etiem

185 2538 335 2608 Turnobi
360 2538 485 2606 edum
511 2562 600 2606 xxvn
628 2539 694 2622 26).
738 2562 845 2628 noque
869 2540 949 2606 hoec
977 2539 1138 2606 sententio
1166 2564 1231 2610 non

186 2658 338 2745 specioso
358 2655 497 2740 uidetur,
518 2680 591 2723 cum
605 2659 744 2724 Alfenus
761 2657 839 2724 ioris
859 2658 1025 2724 consultos
1038 2655 1157 2724 Catulli
1177 2681 1232 2747 po

184 2773 309 2861 puleris
332 2772 429 2838 luerit
451 2797 458 2838 :
480 2784 648 2862 praetereo
674 2772 702 2840 is
732 2773 876 2840 cermins
895 2774 1005 2861 aliquo
1022 2774 1232 2864 conposuisse

185 2889 363 2972 ferebatur,
385 2889 478 2956 sicuti
498 2890 634 2958 Seruius
652 2890 724 2956 loco
746 2890 897 2978 quodem,
919 2891 1008 2958 cuius
1026 2903 1134 2958 temen
1152 2891 1233 2958 fides

185 3007 428 3095 suspectissime
442 3018 490 3072 est
504 3007 560 3089 (ed
574 3007 712 3094 Vergilii
733 3008 791 3073 ecl.
806 3009 827 3073 9
844 3008 912 3094 35),
933 3009 1111 3075 ednotonit.
1133 3020 1168 3076 st
1181 3010 1235 3074 uel
1268 3036 1298 3061 κ

185 3133 371 3210 temporum
402 3124 485 3188 rotio
516 3123 633 3190 obstet.
687 3123 879 3192 scholiestee
914 3124 999 3192 enim
1031 3126 1074 3191 sd
1104 3125 1234 3192 Horatii

187 3251 245 3306 set.
269 3264 276 3303 ι
299 3239 405 3306 3130
426 3239 580 3305 Alfenum
605 3239 730 3306 Verum
753 3239 1004 3308 Cremonensem
1025 3252 1160 3308 narrent
1179 3243 1233 3308 ob

186 3357 275 3422 ieote‘
305 3356 486 3440 tonstrina,
526 3380 625 3447 quom
658 3357 693 3423 iu
725 3358 899 3446 municipio
935 3380 994 3425 suo
1025 3359 1234 3443 exercuisset,

188 3473 328 3540 Romam
354 3471 481 3540 uenisse
515 3472 629 3563 ibique
663 3476 819 3562 megistro
859 3473 930 3542 Ser.
968 3474 1115 3564 Sulpicio
1146 3476 1235 3544 Rufo

187 3588 264 3656 iuris
317 3589 467 3655 consulto
509 3612 602 3656 usum
650 3590 691 3656 ed
739 3601 863 3658 tentem
904 3594 1092 3679 peruenisse
1133 3595 1234 3660 scien·

186 3707 264 3772 tiam
296 3714 335 3772 nt
362 3707 566 3774 consulatum
598 3716 727 3795 gereret
748 3718 782 3776 et
801 3709 932 3796 publico
962 3708 1075 3776 iuuere
1107 3712 1234 3778 efferre

186 3834 248 3889 tur.
291 3834 421 3911 prester
442 3824 631 3890 scholiastes
658 3823 787 3890 Horatii
809 3825 1005 3914 Pomponius
1034 3848 1165 3916 quoque
1194 3827 1234 3894 de

187 3941 314 4030 origine
342 3939 420 4006 iuris
451 3942 471 4023 ἓ
497 3942 538 4006 44
563 3942 653 4007 hisce
678 3944 787 4009 uerbis
813 3951 952 4009 testetur
976 3944 1130 4010 Alfenum
1160 3967 1234 4010 con-

185 4059 288 4125 sulem
318 4059 437 4141 fuisse,
474 4083 510 4124 ec
536 4063 580 4125 lie
609 4061 799 4125 auditoribus
830 4057 917 4142 (Sor.
954 4060 1105 4149 Sulpicii)
1132 4063 1232 4148 pluri·

187 4197 269 4242 mcm
299 4176 484 4242 morture
510 4175 618 4241 tabuit
639 4174 771 4261 Alfenus
797 4163 906 4242 'Varus
933 4190 961 4243 et
987 4181 1087 4244 Auhse
1110 4179 1231 4262 Ofilius,

980 4278 1033 4343 6*
