<?xml version="1.0" encoding="UTF-8"?>
<!DOCTYPE html PUBLIC "-//W3C//DTD XHTML 1.0 Transitional//EN"
    "http://www.w3.org/TR/xhtml1/DTD/xhtml1-transitional.dtd">
<html xmlns="http://www.w3.org/1999/xhtml" xml:lang="en" lang="en">
 <head>
  <title>
</title>
<meta http-equiv="Content-Type" content="text/html;charset=utf-8" />
  <meta name='ocr-system' content='tesseract 3.04.00' />
  <meta name='ocr-capabilities' content='ocr_page ocr_carea ocr_par ocr_line ocrx_word'/>
</head>
<body>
  <div class='ocr_page' id='page_1' title='image "./gvalericatvllil01catugoog_0269.png"; bbox 0 0 3342 5200; ppageno 0'>
   <div class='ocr_carea' id='block_1_1' title="bbox 529 627 1276 684">
    <p class='ocr_par' dir='ltr' id='par_1_1' title="bbox 529 627 1276 684">
     <span class='ocr_line' id='line_1_1' title="bbox 529 627 1276 684; baseline 0.005 -4"><span class='ocrx_word' id='word_1_1' title='bbox 529 629 607 682; x_wconf 81' lang='lat' dir='ltr'>XIIII</span> <span class='ocrx_word' id='word_1_2' title='bbox 642 631 689 682; x_wconf 82' lang='lat' dir='ltr'>DII</span> <span class='ocrx_word' id='word_1_3' title='bbox 708 627 866 682; x_wconf 66' lang='lat' dir='ltr'>clamne</span> <span class='ocrx_word' id='word_1_4' title='bbox 883 629 983 681; x_wconf 77' lang='lat' dir='ltr'>van</span> <span class='ocrx_word' id='word_1_5' title='bbox 1223 635 1276 684; x_wconf 75' lang='grc'>849</span> 
     </span>
    </p>
   </div>
   <div class='ocr_carea' id='block_1_2' title="bbox 180 793 1281 2636">
    <p class='ocr_par' dir='ltr' id='par_1_2' title="bbox 229 793 1280 979">
     <span class='ocr_line' id='line_1_2' title="bbox 229 793 1280 883; baseline 0.002 -21"><span class='ocrx_word' id='word_1_6' title='bbox 229 797 373 862; x_wconf 88' lang='lat' dir='ltr'>modeste</span> <span class='ocrx_word' id='word_1_7' title='bbox 395 804 428 861; x_wconf 92' lang='lat' dir='ltr'>et</span> <span class='ocrx_word' id='word_1_8' title='bbox 454 795 578 862; x_wconf 82' lang='lat' dir='ltr'>urbane</span> <span class='ocrx_word' id='word_1_9' title='bbox 600 794 830 882; x_wconf 85' lang='lat' dir='ltr'>interrogando</span> <span class='ocrx_word' id='word_1_10' title='bbox 855 793 952 862; x_wconf 89' lang='lat' dir='ltr'>fidem</span> <span class='ocrx_word' id='word_1_11' title='bbox 971 796 1088 861; x_wconf 79' lang='lat' dir='ltr'>ianuae</span> <span class='ocrx_word' id='word_1_12' title='bbox 1109 797 1280 883; x_wconf 82' lang='lat' dir='ltr'>explorare</span> 
     </span>
     <span class='ocr_line' id='line_1_3' title="bbox 230 913 348 979; baseline -0.017 0"><span class='ocrx_word' id='word_1_13' title='bbox 230 913 348 979; x_wconf 84' lang='lat' dir='ltr'>studet.</span> 
     </span>
    </p>

    <p class='ocr_par' dir='ltr' id='par_1_3' title="bbox 180 1028 1281 2636">
     <span class='ocr_line' id='line_1_4' title="bbox 312 1028 1280 1114; baseline 0 -19"><span class='ocrx_word' id='word_1_14' title='bbox 312 1030 359 1095; x_wconf 94' lang='lat' dir='ltr'>Vt</span> <span class='ocrx_word' id='word_1_15' title='bbox 390 1028 519 1095; x_wconf 89' lang='lat' dir='ltr'>redeam</span> <span class='ocrx_word' id='word_1_16' title='bbox 551 1029 635 1094; x_wconf 87' lang='lat' dir='ltr'>undo</span> <span class='ocrx_word' id='word_1_17' title='bbox 663 1051 813 1114; x_wconf 84' lang='lat' dir='ltr'>egressus</span> <span class='ocrx_word' id='word_1_18' title='bbox 845 1051 934 1094; x_wconf 87' lang='lat' dir='ltr'>eram</span> <span class='ocrx_word' id='word_1_19' title='bbox 946 1079 954 1111; x_wconf 83' lang='lat'><em>,</em></span> <span class='ocrx_word' id='word_1_20' title='bbox 984 1028 1116 1094; x_wconf 87' lang='lat' dir='ltr'>Isaacns</span> <span class='ocrx_word' id='word_1_21' title='bbox 1145 1029 1280 1095; x_wconf 76' lang='lat' dir='ltr'>Vossius</span> 
     </span>
     <span class='ocr_line' id='line_1_5' title="bbox 231 1143 1279 1233; baseline -0.001 -23"><span class='ocrx_word' id='word_1_22' title='bbox 231 1167 359 1233; x_wconf 87' lang='lat' dir='ltr'>quoque</span> <span class='ocrx_word' id='word_1_23' title='bbox 389 1143 559 1233; x_wconf 81' lang='lat' dir='ltr'>insigniter</span> <span class='ocrx_word' id='word_1_24' title='bbox 580 1146 734 1212; x_wconf 85' lang='lat' dir='ltr'>ariolatus</span> <span class='ocrx_word' id='word_1_25' title='bbox 755 1156 825 1228; x_wconf 85' lang='lat' dir='ltr'>est,</span> <span class='ocrx_word' id='word_1_26' title='bbox 859 1168 931 1210; x_wconf 89' lang='lat' dir='ltr'>eum</span> <span class='ocrx_word' id='word_1_27' title='bbox 954 1147 1128 1228; x_wconf 85' lang='lat' dir='ltr'>(obseruat.</span> <span class='ocrx_word' id='word_1_28' title='bbox 1150 1169 1180 1233; x_wconf 91' lang='lat' dir='ltr'>p.</span> <span class='ocrx_word' id='word_1_29' title='bbox 1202 1145 1279 1227; x_wconf 72' lang='lat'>277)</span> 
     </span>
     <span class='ocr_line' id='line_1_6' title="bbox 229 1261 1280 1350; baseline 0.002 -24"><span class='ocrx_word' id='word_1_30' title='bbox 229 1261 310 1327; x_wconf 87' lang='lat' dir='ltr'>haec</span> <span class='ocrx_word' id='word_1_31' title='bbox 339 1261 496 1350; x_wconf 82' lang='lat' dir='ltr'>scripsit:</span> <span class='ocrx_word' id='word_1_32' title='bbox 525 1263 683 1328; x_wconf 74' lang='lat' dir='ltr'>abducitur</span> <span class='ocrx_word' id='word_1_33' title='bbox 711 1263 764 1328; x_wconf 76' lang='lat' dir='ltr'>bic</span> <span class='ocrx_word' id='word_1_34' title='bbox 792 1265 888 1328; x_wconf 71' lang='grc' dir='ltr'><strong><em>ιἀπυα</em></strong></span> <span class='ocrx_word' id='word_1_35' title='bbox 916 1266 1035 1350; x_wconf 76' lang='lat' dir='ltr'>loquens</span> <span class='ocrx_word' id='word_1_36' title='bbox 1055 1263 1191 1345; x_wconf 80' lang='lat' dir='ltr'>Bornos,</span> <span class='ocrx_word' id='word_1_37' title='bbox 1221 1286 1280 1328; x_wconf 81' lang='lat' dir='ltr'>aaa</span> 
     </span>
     <span class='ocr_line' id='line_1_7' title="bbox 229 1378 1279 1469; baseline 0 -27"><span class='ocrx_word' id='word_1_38' title='bbox 229 1379 367 1444; x_wconf 66' lang='lat' dir='ltr'>Breivaiae</span> <span class='ocrx_word' id='word_1_39' title='bbox 385 1389 442 1443; x_wconf 79' lang='lat' dir='ltr'>aut</span> <span class='ocrx_word' id='word_1_40' title='bbox 469 1378 617 1461; x_wconf 79' lang='lat' dir='ltr'>Veronae,</span> <span class='ocrx_word' id='word_1_41' title='bbox 637 1392 671 1445; x_wconf 82' lang='lat' dir='ltr'>ut</span> <span class='ocrx_word' id='word_1_42' title='bbox 694 1381 889 1446; x_wconf 68' lang='lat' dir='ltr'>adamata</span> <span class='ocrx_word' id='word_1_43' title='bbox 908 1381 1060 1469; x_wconf 74' lang='lat' dir='ltr'>Scaliper.</span> <span class='ocrx_word' id='word_1_44' title='bbox 1102 1380 1180 1445; x_wconf 81' lang='lat' dir='ltr'>bono</span> <span class='ocrx_word' id='word_1_45' title='bbox 1202 1384 1279 1444; x_wconf 73' lang='lat' dir='ltr'>arrisu</span> 
     </span>
     <span class='ocr_line' id='line_1_8' title="bbox 229 1495 1280 1584; baseline 0 -24"><span class='ocrx_word' id='word_1_46' title='bbox 229 1497 292 1560; x_wconf 67' lang='lat' dir='ltr'>ata</span> <span class='ocrx_word' id='word_1_47' title='bbox 313 1496 439 1579; x_wconf 55' lang='lat' dir='ltr'>mulam,</span> <span class='ocrx_word' id='word_1_48' title='bbox 473 1495 513 1562; x_wconf 84' lang='lat' dir='ltr'>de</span> <span class='ocrx_word' id='word_1_49' title='bbox 545 1519 605 1582; x_wconf 84' lang='lat' dir='ltr'>qno</span> <span class='ocrx_word' id='word_1_50' title='bbox 625 1496 677 1570; x_wconf 78' lang='lat' dir='ltr'>lu&#39;c</span> <span class='ocrx_word' id='word_1_51' title='bbox 698 1502 762 1584; x_wconf 78' lang='lat' dir='ltr'>opit</span> <span class='ocrx_word' id='word_1_52' title='bbox 782 1495 937 1573; x_wconf 74' lang='lat' dir='ltr'>Catullus,</span> <span class='ocrx_word' id='word_1_53' title='bbox 965 1498 1076 1563; x_wconf 65' lang='lat' dir='ltr'>relicta</span> <span class='ocrx_word' id='word_1_54' title='bbox 1097 1496 1198 1562; x_wconf 83' lang='lat' dir='ltr'>Roma</span> <span class='ocrx_word' id='word_1_55' title='bbox 1219 1519 1280 1560; x_wconf 73' lang='lat' dir='ltr'>scio</span> 
     </span>
     <span class='ocr_line' id='line_1_9' title="bbox 180 1611 1279 1690; baseline 0.001 -13"><span class='ocrx_word' id='word_1_56' title='bbox 180 1671 189 1690; x_wconf 83' lang='lat'><em>,</em></span> <span class='ocrx_word' id='word_1_57' title='bbox 230 1635 297 1677; x_wconf 80' lang='lat' dir='ltr'>oum</span> <span class='ocrx_word' id='word_1_58' title='bbox 327 1616 390 1676; x_wconf 79' lang='lat' dir='ltr'>suia</span> <span class='ocrx_word' id='word_1_59' title='bbox 417 1612 610 1678; x_wconf 73' lang='lat' dir='ltr'>amatoribus</span> <span class='ocrx_word' id='word_1_60' title='bbox 637 1611 830 1677; x_wconf 77' lang='lat' dir='ltr'>moechatum</span> <span class='ocrx_word' id='word_1_61' title='bbox 857 1636 891 1676; x_wconf 83' lang='lat' dir='ltr'>se</span> <span class='ocrx_word' id='word_1_62' title='bbox 915 1613 1087 1678; x_wconf 68' lang='lat' dir='ltr'>centulam</span> <span class='ocrx_word' id='word_1_63' title='bbox 1114 1613 1279 1678; x_wconf 72' lang='lat' dir='ltr'>Bra‘aabm.</span> 
     </span>
     <span class='ocr_line' id='line_1_10' title="bbox 230 1727 1281 1815; baseline 0.002 -23"><span class='ocrx_word' id='word_1_64' title='bbox 230 1749 376 1793; x_wconf 84' lang='lat' dir='ltr'>caussam</span> <span class='ocrx_word' id='word_1_65' title='bbox 392 1749 457 1815; x_wconf 88' lang='lat' dir='ltr'>qua</span> <span class='ocrx_word' id='word_1_66' title='bbox 473 1737 580 1793; x_wconf 86' lang='lat' dir='ltr'>motus</span> <span class='ocrx_word' id='word_1_67' title='bbox 602 1727 653 1792; x_wconf 90' lang='lat' dir='ltr'>uir</span> <span class='ocrx_word' id='word_1_68' title='bbox 667 1727 731 1810; x_wconf 89' lang='lat' dir='ltr'>ille,</span> <span class='ocrx_word' id='word_1_69' title='bbox 752 1728 862 1793; x_wconf 89' lang='lat' dir='ltr'>multis</span> <span class='ocrx_word' id='word_1_70' title='bbox 876 1729 957 1794; x_wconf 91' lang='lat' dir='ltr'>locis</span> <span class='ocrx_word' id='word_1_71' title='bbox 976 1727 1017 1793; x_wconf 94' lang='lat' dir='ltr'>de</span> <span class='ocrx_word' id='word_1_72' title='bbox 1031 1727 1160 1795; x_wconf 87' lang='lat' dir='ltr'>Catullo</span> <span class='ocrx_word' id='word_1_73' title='bbox 1177 1749 1281 1795; x_wconf 88' lang='lat' dir='ltr'>emen·</span> 
     </span>
     <span class='ocr_line' id='line_1_11' title="bbox 230 1842 1280 1930; baseline 0.003 -21"><span class='ocrx_word' id='word_1_74' title='bbox 230 1842 338 1910; x_wconf 86' lang='lat' dir='ltr'>dando</span> <span class='ocrx_word' id='word_1_75' title='bbox 359 1854 391 1908; x_wconf 87' lang='lat' dir='ltr'>et</span> <span class='ocrx_word' id='word_1_76' title='bbox 411 1842 655 1930; x_wconf 87' lang='lat' dir='ltr'>interpretando</span> <span class='ocrx_word' id='word_1_77' title='bbox 677 1845 759 1912; x_wconf 86' lang='lat' dir='ltr'>bene</span> <span class='ocrx_word' id='word_1_78' title='bbox 780 1843 932 1926; x_wconf 85' lang='lat' dir='ltr'>meritus,</span> <span class='ocrx_word' id='word_1_79' title='bbox 953 1855 1020 1910; x_wconf 87' lang='lat' dir='ltr'>tam</span> <span class='ocrx_word' id='word_1_80' title='bbox 1042 1845 1123 1911; x_wconf 88' lang='lat' dir='ltr'>mira</span> <span class='ocrx_word' id='word_1_81' title='bbox 1143 1846 1226 1914; x_wconf 84' lang='lat' dir='ltr'>dixit</span> <span class='ocrx_word' id='word_1_82' title='bbox 1247 1848 1280 1912; x_wconf 95' lang='lat' dir='ltr'>in</span> 
     </span>
     <span class='ocr_line' id='line_1_12' title="bbox 230 1959 1280 2047; baseline 0.002 -21"><span class='ocrx_word' id='word_1_83' title='bbox 230 1983 270 2026; x_wconf 92' lang='lat' dir='ltr'>eo</span> <span class='ocrx_word' id='word_1_84' title='bbox 306 1961 505 2047; x_wconf 71' lang='lat' dir='ltr'>adgnoscere</span> <span class='ocrx_word' id='word_1_85' title='bbox 538 1961 613 2028; x_wconf 89' lang='lat' dir='ltr'>licet</span> <span class='ocrx_word' id='word_1_86' title='bbox 645 1960 733 2047; x_wconf 91' lang='lat' dir='ltr'>quod</span> <span class='ocrx_word' id='word_1_87' title='bbox 764 1960 792 2026; x_wconf 84' lang='lat' dir='ltr'>is</span> <span class='ocrx_word' id='word_1_88' title='bbox 823 1959 1002 2027; x_wconf 86' lang='lat' dir='ltr'>Caecilium</span> <span class='ocrx_word' id='word_1_89' title='bbox 1030 1986 1050 2028; x_wconf 91' lang='lat' dir='ltr'>a</span> <span class='ocrx_word' id='word_1_90' title='bbox 1082 1961 1211 2030; x_wconf 87' lang='lat' dir='ltr'>Catullo</span> <span class='ocrx_word' id='word_1_91' title='bbox 1247 1965 1280 2029; x_wconf 92' lang='lat' dir='ltr'>in</span> 
     </span>
     <span class='ocr_line' id='line_1_13' title="bbox 231 2077 1281 2160; baseline 0.001 -16"><span class='ocrx_word' id='word_1_92' title='bbox 231 2100 328 2144; x_wconf 89' lang='lat' dir='ltr'>uersu</span> <span class='ocrx_word' id='word_1_93' title='bbox 358 2079 378 2143; x_wconf 88' lang='lat'>9</span> <span class='ocrx_word' id='word_1_94' title='bbox 410 2077 609 2144; x_wconf 88' lang='lat' dir='ltr'>nominatam</span> <span class='ocrx_word' id='word_1_95' title='bbox 638 2077 742 2160; x_wconf 88' lang='lat' dir='ltr'>(cuius</span> <span class='ocrx_word' id='word_1_96' title='bbox 763 2098 880 2144; x_wconf 88' lang='lat' dir='ltr'>nomen</span> <span class='ocrx_word' id='word_1_97' title='bbox 902 2077 1036 2144; x_wconf 85' lang='lat' dir='ltr'>Vossius</span> <span class='ocrx_word' id='word_1_98' title='bbox 1066 2079 1281 2145; x_wconf 78' lang='lat' dir='ltr'>infelicissima</span> 
     </span>
     <span class='ocr_line' id='line_1_14' title="bbox 232 2193 1281 2282; baseline -0.001 -21"><span class='ocrx_word' id='word_1_99' title='bbox 232 2197 419 2261; x_wconf 87' lang='lat' dir='ltr'>coniectura</span> <span class='ocrx_word' id='word_1_100' title='bbox 449 2196 545 2261; x_wconf 88' lang='lat' dir='ltr'>etiam</span> <span class='ocrx_word' id='word_1_101' title='bbox 575 2193 608 2258; x_wconf 92' lang='lat' dir='ltr'>in</span> <span class='ocrx_word' id='word_1_102' title='bbox 638 2215 767 2259; x_wconf 89' lang='lat' dir='ltr'>uersum</span> <span class='ocrx_word' id='word_1_103' title='bbox 788 2195 830 2258; x_wconf 83' lang='lat'>42</span> <span class='ocrx_word' id='word_1_104' title='bbox 851 2194 916 2259; x_wconf 89' lang='lat' dir='ltr'>iam</span> <span class='ocrx_word' id='word_1_105' title='bbox 937 2193 1062 2282; x_wconf 80' lang='lat' dir='ltr'>pridem</span> <span class='ocrx_word' id='word_1_106' title='bbox 1093 2195 1134 2260; x_wconf 88' lang='lat' dir='ltr'>ab</span> <span class='ocrx_word' id='word_1_107' title='bbox 1154 2194 1281 2260; x_wconf 77' lang='lat' dir='ltr'>Achille</span> 
     </span>
     <span class='ocr_line' id='line_1_15' title="bbox 231 2309 1280 2399; baseline -0.003 -19"><span class='ocrx_word' id='word_1_108' title='bbox 231 2309 339 2380; x_wconf 81' lang='lat' dir='ltr'>Statio</span> <span class='ocrx_word' id='word_1_109' title='bbox 360 2312 481 2399; x_wconf 89' lang='lat' dir='ltr'>optime</span> <span class='ocrx_word' id='word_1_110' title='bbox 501 2320 708 2399; x_wconf 81' lang='lat' dir='ltr'>personatum</span> <span class='ocrx_word' id='word_1_111' title='bbox 727 2311 846 2378; x_wconf 86' lang='lat' dir='ltr'>inferre</span> <span class='ocrx_word' id='word_1_112' title='bbox 867 2310 983 2395; x_wconf 86' lang='lat' dir='ltr'>uoluit)</span> <span class='ocrx_word' id='word_1_113' title='bbox 1005 2332 1064 2397; x_wconf 87' lang='lat' dir='ltr'>pro</span> <span class='ocrx_word' id='word_1_114' title='bbox 1085 2309 1128 2390; x_wconf 81' lang='lat' dir='ltr'>Q.</span> <span class='ocrx_word' id='word_1_115' title='bbox 1149 2309 1280 2377; x_wconf 85' lang='lat' dir='ltr'>Metello</span> 
     </span>
     <span class='ocr_line' id='line_1_16' title="bbox 232 2425 1280 2515; baseline -0.002 -19"><span class='ocrx_word' id='word_1_116' title='bbox 232 2427 348 2496; x_wconf 86' lang='lat' dir='ltr'>Celere</span> <span class='ocrx_word' id='word_1_117' title='bbox 369 2431 500 2495; x_wconf 85' lang='lat' dir='ltr'>consule</span> <span class='ocrx_word' id='word_1_118' title='bbox 522 2429 600 2496; x_wconf 91' lang='lat' dir='ltr'>anni</span> <span class='ocrx_word' id='word_1_119' title='bbox 620 2429 738 2505; x_wconf 70' lang='grc'>694160</span> <span class='ocrx_word' id='word_1_120' title='bbox 765 2440 798 2495; x_wconf 90' lang='lat' dir='ltr'>et</span> <span class='ocrx_word' id='word_1_121' title='bbox 828 2429 943 2494; x_wconf 88' lang='lat' dir='ltr'>marito</span> <span class='ocrx_word' id='word_1_122' title='bbox 966 2425 1102 2493; x_wconf 75' lang='lat' dir='ltr'>Clodiae</span> <span class='ocrx_word' id='word_1_123' title='bbox 1132 2427 1187 2513; x_wconf 89' lang='lat' dir='ltr'>(de</span> <span class='ocrx_word' id='word_1_124' title='bbox 1215 2449 1280 2515; x_wconf 91' lang='lat' dir='ltr'>qno</span> 
     </span>
     <span class='ocr_line' id='line_1_17' title="bbox 231 2543 1281 2636; baseline -0.001 -24"><span class='ocrx_word' id='word_1_125' title='bbox 231 2568 262 2612; x_wconf 91' lang='lat' dir='ltr'>u.</span> <span class='ocrx_word' id='word_1_126' title='bbox 285 2567 382 2633; x_wconf 86' lang='lat' dir='ltr'>snpra</span> <span class='ocrx_word' id='word_1_127' title='bbox 404 2570 434 2634; x_wconf 89' lang='lat' dir='ltr'>p.</span> <span class='ocrx_word' id='word_1_128' title='bbox 454 2546 509 2631; x_wconf 81' lang='lat'>60)</span> <span class='ocrx_word' id='word_1_129' title='bbox 531 2545 653 2613; x_wconf 81' lang='lat' dir='ltr'>habuit</span> <span class='ocrx_word' id='word_1_130' title='bbox 698 2545 786 2636; x_wconf 90' lang='lat' dir='ltr'>quod</span> <span class='ocrx_word' id='word_1_131' title='bbox 811 2546 897 2612; x_wconf 92' lang='lat' dir='ltr'>idem</span> <span class='ocrx_word' id='word_1_132' title='bbox 923 2567 997 2611; x_wconf 92' lang='lat' dir='ltr'>cum</span> <span class='ocrx_word' id='word_1_133' title='bbox 1018 2543 1192 2611; x_wconf 80' lang='lat' dir='ltr'>Turnebus</span> <span class='ocrx_word' id='word_1_134' title='bbox 1213 2545 1281 2629; x_wconf 89' lang='lat' dir='ltr'>(ad-</span> 
     </span>
    </p>
   </div>
   <div class='ocr_carea' id='block_1_3' title="bbox 231 2659 1281 2848">
    <p class='ocr_par' dir='ltr' id='par_1_4' title="bbox 231 2659 1281 2848">
     <span class='ocr_line' id='line_1_18' title="bbox 232 2659 1281 2753; baseline -0.001 -25"><span class='ocrx_word' id='word_1_135' title='bbox 232 2685 354 2729; x_wconf 81' lang='lat' dir='ltr'>uersat.</span> <span class='ocrx_word' id='word_1_136' title='bbox 377 2686 432 2753; x_wconf 65' lang='lat' dir='ltr'>xvi</span> <span class='ocrx_word' id='word_1_137' title='bbox 457 2665 489 2748; x_wconf 91' lang='lat'>1)</span> <span class='ocrx_word' id='word_1_138' title='bbox 519 2662 574 2729; x_wconf 90' lang='lat' dir='ltr'>diu</span> <span class='ocrx_word' id='word_1_139' title='bbox 605 2673 680 2730; x_wconf 92' lang='lat' dir='ltr'>ante</span> <span class='ocrx_word' id='word_1_140' title='bbox 703 2664 857 2728; x_wconf 87' lang='lat' dir='ltr'>Vossium</span> <span class='ocrx_word' id='word_1_141' title='bbox 885 2661 1038 2745; x_wconf 84' lang='lat' dir='ltr'>dixisset,</span> <span class='ocrx_word' id='word_1_142' title='bbox 1070 2659 1281 2749; x_wconf 79' lang='lat' dir='ltr'>aScaligero</span> 
     </span>
     <span class='ocr_line' id='line_1_19' title="bbox 231 2779 1281 2848; baseline -0.001 -2"><span class='ocrx_word' id='word_1_143' title='bbox 231 2782 348 2846; x_wconf 90' lang='lat' dir='ltr'>merito</span> <span class='ocrx_word' id='word_1_144' title='bbox 359 2779 517 2846; x_wconf 81' lang='lat' dir='ltr'>refutatus</span> <span class='ocrx_word' id='word_1_145' title='bbox 528 2789 586 2847; x_wconf 87' lang='lat' dir='ltr'>est.</span> <span class='ocrx_word' id='word_1_146' title='bbox 615 2781 648 2846; x_wconf 92' lang='lat' dir='ltr'>in</span> <span class='ocrx_word' id='word_1_147' title='bbox 662 2781 848 2845; x_wconf 87' lang='lat' dir='ltr'>uniuersum</span> <span class='ocrx_word' id='word_1_148' title='bbox 857 2788 966 2845; x_wconf 88' lang='lat' dir='ltr'>autem</span> <span class='ocrx_word' id='word_1_149' title='bbox 979 2781 1145 2846; x_wconf 84' lang='lat' dir='ltr'>fatendum</span> <span class='ocrx_word' id='word_1_150' title='bbox 1158 2791 1208 2848; x_wconf 90' lang='lat' dir='ltr'>est</span> <span class='ocrx_word' id='word_1_151' title='bbox 1222 2804 1281 2846; x_wconf 89' lang='lat' dir='ltr'>nos</span> 
     </span>
    </p>
   </div>
   <div class='ocr_carea' id='block_1_4' title="bbox 231 2895 1282 3219">
    <p class='ocr_par' dir='ltr' id='par_1_5' title="bbox 231 2895 1282 3219">
     <span class='ocr_line' id='line_1_20' title="bbox 231 2895 1282 2985; baseline -0.002 -21"><span class='ocrx_word' id='word_1_152' title='bbox 231 2897 271 2964; x_wconf 89' lang='lat' dir='ltr'>de</span> <span class='ocrx_word' id='word_1_153' title='bbox 286 2897 538 2965; x_wconf 89' lang='lat' dir='ltr'>hominibusillis</span> <span class='ocrx_word' id='word_1_154' title='bbox 553 2897 808 2985; x_wconf 85' lang='lat' dir='ltr'>prouincialibus</span> <span class='ocrx_word' id='word_1_155' title='bbox 822 2907 952 2985; x_wconf 84' lang='lat' dir='ltr'>praeter</span> <span class='ocrx_word' id='word_1_156' title='bbox 970 2920 1008 2963; x_wconf 86' lang='lat' dir='ltr'>ea</span> <span class='ocrx_word' id='word_1_157' title='bbox 1029 2919 1113 2984; x_wconf 92' lang='lat' dir='ltr'>quae</span> <span class='ocrx_word' id='word_1_158' title='bbox 1134 2895 1282 2964; x_wconf 77' lang='lat' dir='ltr'>Catullus</span> 
     </span>
     <span class='ocr_line' id='line_1_21' title="bbox 231 3014 1282 3102; baseline -0.001 -23"><span class='ocrx_word' id='word_1_159' title='bbox 231 3015 302 3102; x_wconf 91' lang='lat' dir='ltr'>ipse</span> <span class='ocrx_word' id='word_1_160' title='bbox 323 3016 468 3081; x_wconf 88' lang='lat' dir='ltr'>narrauit</span> <span class='ocrx_word' id='word_1_161' title='bbox 489 3015 566 3081; x_wconf 90' lang='lat' dir='ltr'>nihil</span> <span class='ocrx_word' id='word_1_162' title='bbox 581 3014 663 3080; x_wconf 89' lang='lat' dir='ltr'>scire</span> <span class='ocrx_word' id='word_1_163' title='bbox 677 3036 782 3102; x_wconf 86' lang='lat' dir='ltr'>posse,</span> <span class='ocrx_word' id='word_1_164' title='bbox 805 3014 891 3080; x_wconf 88' lang='lat' dir='ltr'>etin</span> <span class='ocrx_word' id='word_1_165' title='bbox 911 3015 995 3080; x_wconf 90' lang='lat' dir='ltr'>hanc</span> <span class='ocrx_word' id='word_1_166' title='bbox 1016 3024 1140 3101; x_wconf 89' lang='lat' dir='ltr'>partem</span> <span class='ocrx_word' id='word_1_167' title='bbox 1163 3038 1183 3079; x_wconf 88' lang='lat' dir='ltr'>a</span> <span class='ocrx_word' id='word_1_168' title='bbox 1202 3014 1282 3079; x_wconf 86' lang='lat' dir='ltr'>uiris</span> 
     </span>
     <span class='ocr_line' id='line_1_22' title="bbox 232 3128 1282 3219; baseline 0 -22"><span class='ocrx_word' id='word_1_169' title='bbox 232 3130 334 3197; x_wconf 87' lang='lat' dir='ltr'>doctis</span> <span class='ocrx_word' id='word_1_170' title='bbox 356 3131 521 3219; x_wconf 86' lang='lat' dir='ltr'>disputata</span> <span class='ocrx_word' id='word_1_171' title='bbox 542 3130 667 3198; x_wconf 87' lang='lat' dir='ltr'>inutilia</span> <span class='ocrx_word' id='word_1_172' title='bbox 689 3142 721 3196; x_wconf 90' lang='lat' dir='ltr'>et</span> <span class='ocrx_word' id='word_1_173' title='bbox 742 3130 847 3197; x_wconf 87' lang='lat' dir='ltr'>futilia</span> <span class='ocrx_word' id='word_1_174' title='bbox 868 3152 961 3196; x_wconf 89' lang='lat' dir='ltr'>esse:</span> <span class='ocrx_word' id='word_1_175' title='bbox 983 3129 1083 3195; x_wconf 90' lang='lat' dir='ltr'>ueluti</span> <span class='ocrx_word' id='word_1_176' title='bbox 1104 3152 1187 3216; x_wconf 87' lang='lat' dir='ltr'>qnae</span> <span class='ocrx_word' id='word_1_177' title='bbox 1209 3128 1282 3197; x_wconf 82' lang='lat' dir='ltr'>Ste-</span> 
     </span>
    </p>
   </div>
   <div class='ocr_carea' id='block_1_5' title="bbox 233 3246 1383 3335">
    <p class='ocr_par' dir='ltr' id='par_1_6' title="bbox 233 3246 1383 3335">
     <span class='ocr_line' id='line_1_23' title="bbox 233 3246 1383 3335; baseline -0.002 -22"><span class='ocrx_word' id='word_1_178' title='bbox 233 3248 297 3314; x_wconf 87' lang='lat' dir='ltr'>tius</span> <span class='ocrx_word' id='word_1_179' title='bbox 328 3247 369 3312; x_wconf 93' lang='lat' dir='ltr'>de</span> <span class='ocrx_word' id='word_1_180' title='bbox 399 3271 501 3315; x_wconf 85' lang='lat' dir='ltr'>uxore</span> <span class='ocrx_word' id='word_1_181' title='bbox 524 3246 655 3315; x_wconf 86' lang='lat' dir='ltr'>Caecilii</span> <span class='ocrx_word' id='word_1_182' title='bbox 689 3257 890 3313; x_wconf 85' lang='lat' dir='ltr'>commentus</span> <span class='ocrx_word' id='word_1_183' title='bbox 918 3257 986 3328; x_wconf 89' lang='lat' dir='ltr'>est,</span> <span class='ocrx_word' id='word_1_184' title='bbox 1018 3269 1114 3335; x_wconf 89' lang='lat' dir='ltr'>quam</span> <span class='ocrx_word' id='word_1_185' title='bbox 1150 3247 1284 3312; x_wconf 86' lang='lat' dir='ltr'>eandem</span> <span class='ocrx_word' id='word_1_186' title='bbox 1377 3272 1383 3282; x_wconf 92' lang='lat'>·</span> 
     </span>
    </p>
   </div>
   <div class='ocr_carea' id='block_1_6' title="bbox 232 3357 1284 4271">
    <p class='ocr_par' dir='ltr' id='par_1_7' title="bbox 232 3357 1284 4271">
     <span class='ocr_line' id='line_1_24' title="bbox 233 3357 1282 3453; baseline -0.004 -21"><span class='ocrx_word' id='word_1_187' title='bbox 233 3374 332 3451; x_wconf 89' lang='lat' dir='ltr'>atque</span> <span class='ocrx_word' id='word_1_188' title='bbox 360 3364 494 3433; x_wconf 74' lang='lat' dir='ltr'>Caecllii</span> <span class='ocrx_word' id='word_1_189' title='bbox 522 3374 638 3453; x_wconf 88' lang='lat' dir='ltr'>poetae</span> <span class='ocrx_word' id='word_1_190' title='bbox 667 3364 925 3431; x_wconf 87' lang='lat' dir='ltr'>Nouocomensis</span> <span class='ocrx_word' id='word_1_191' title='bbox 947 3362 1088 3451; x_wconf 86' lang='lat' dir='ltr'>puellam</span> <span class='ocrx_word' id='word_1_192' title='bbox 1107 3357 1282 3450; x_wconf 86' lang='lat' dir='ltr'>‘Sapphica</span> 
     </span>
     <span class='ocr_line' id='line_1_25' title="bbox 233 3478 1283 3566; baseline -0.003 -18"><span class='ocrx_word' id='word_1_193' title='bbox 233 3481 412 3549; x_wconf 88' lang='lat' dir='ltr'>doctiorem</span> <span class='ocrx_word' id='word_1_194' title='bbox 434 3478 536 3549; x_wconf 84' lang='lat' dir='ltr'>Musa‘</span> <span class='ocrx_word' id='word_1_195' title='bbox 555 3482 656 3547; x_wconf 88' lang='lat' dir='ltr'>fnisse</span> <span class='ocrx_word' id='word_1_196' title='bbox 670 3481 881 3547; x_wconf 85' lang='lat' dir='ltr'>existimauit.</span> <span class='ocrx_word' id='word_1_197' title='bbox 922 3481 1073 3546; x_wconf 85' lang='lat' dir='ltr'>Veronae</span> <span class='ocrx_word' id='word_1_198' title='bbox 1095 3480 1195 3566; x_wconf 82' lang='lat' dir='ltr'>igitur</span> <span class='ocrx_word' id='word_1_199' title='bbox 1216 3502 1283 3545; x_wconf 92' lang='lat' dir='ltr'>mu-</span> 
     </span>
     <span class='ocr_line' id='line_1_26' title="bbox 232 3597 1283 3683; baseline -0.003 -18"><span class='ocrx_word' id='word_1_200' title='bbox 232 3600 293 3665; x_wconf 88' lang='lat' dir='ltr'>lier</span> <span class='ocrx_word' id='word_1_201' title='bbox 314 3600 461 3666; x_wconf 86' lang='lat' dir='ltr'>adultera</span> <span class='ocrx_word' id='word_1_202' title='bbox 482 3622 554 3664; x_wconf 89' lang='lat' dir='ltr'>eum</span> <span class='ocrx_word' id='word_1_203' title='bbox 577 3597 692 3665; x_wconf 87' lang='lat' dir='ltr'>marito</span> <span class='ocrx_word' id='word_1_204' title='bbox 713 3597 899 3680; x_wconf 82' lang='lat' dir='ltr'>habitabat,</span> <span class='ocrx_word' id='word_1_205' title='bbox 927 3597 986 3663; x_wconf 87' lang='lat' dir='ltr'>sed</span> <span class='ocrx_word' id='word_1_206' title='bbox 1008 3599 1126 3663; x_wconf 89' lang='lat' dir='ltr'>coniux</span> <span class='ocrx_word' id='word_1_207' title='bbox 1147 3609 1283 3683; x_wconf 82' lang='lat' dir='ltr'>uterque</span> 
     </span>
     <span class='ocr_line' id='line_1_27' title="bbox 232 3713 1284 3803; baseline -0.002 -22"><span class='ocrx_word' id='word_1_208' title='bbox 232 3715 347 3781; x_wconf 85' lang='lat' dir='ltr'>Brixia</span> <span class='ocrx_word' id='word_1_209' title='bbox 370 3716 523 3783; x_wconf 89' lang='lat' dir='ltr'>oriundus</span> <span class='ocrx_word' id='word_1_210' title='bbox 537 3716 609 3799; x_wconf 86' lang='lat' dir='ltr'>fuit,</span> <span class='ocrx_word' id='word_1_211' title='bbox 628 3714 714 3803; x_wconf 91' lang='lat' dir='ltr'>qnod</span> <span class='ocrx_word' id='word_1_212' title='bbox 731 3715 769 3780; x_wconf 91' lang='lat' dir='ltr'>de</span> <span class='ocrx_word' id='word_1_213' title='bbox 786 3735 888 3780; x_wconf 86' lang='lat' dir='ltr'>uxore</span> <span class='ocrx_word' id='word_1_214' title='bbox 908 3716 982 3782; x_wconf 88' lang='lat' dir='ltr'>inda</span> <span class='ocrx_word' id='word_1_215' title='bbox 993 3713 1221 3801; x_wconf 85' lang='lat' dir='ltr'>conligendum</span> <span class='ocrx_word' id='word_1_216' title='bbox 1235 3724 1284 3779; x_wconf 89' lang='lat' dir='ltr'>est</span> 
     </span>
     <span class='ocr_line' id='line_1_28' title="bbox 234 3830 1284 3922; baseline -0.004 -23"><span class='ocrx_word' id='word_1_217' title='bbox 234 3833 321 3922; x_wconf 91' lang='lat' dir='ltr'>quod</span> <span class='ocrx_word' id='word_1_218' title='bbox 333 3834 429 3899; x_wconf 88' lang='lat' dir='ltr'>ianua</span> <span class='ocrx_word' id='word_1_219' title='bbox 439 3832 716 3900; x_wconf 66' lang='lat' dir='ltr'>cessionum-34</span> <span class='ocrx_word' id='word_1_220' title='bbox 724 3832 871 3897; x_wconf 86' lang='lat' dir='ltr'>Brixiam</span> <span class='ocrx_word' id='word_1_221' title='bbox 881 3840 997 3899; x_wconf 88' lang='lat' dir='ltr'>testem</span> <span class='ocrx_word' id='word_1_222' title='bbox 1008 3831 1184 3919; x_wconf 85' lang='lat' dir='ltr'>superioris</span> <span class='ocrx_word' id='word_1_223' title='bbox 1196 3830 1284 3897; x_wconf 85' lang='lat' dir='ltr'>uitae</span> 
     </span>
     <span class='ocr_line' id='line_1_29' title="bbox 233 3947 1283 4038; baseline -0.004 -21"><span class='ocrx_word' id='word_1_224' title='bbox 233 3950 376 4018; x_wconf 88' lang='lat' dir='ltr'>mulieris</span> <span class='ocrx_word' id='word_1_225' title='bbox 397 3950 569 4038; x_wconf 88' lang='lat' dir='ltr'>inpudicae</span> <span class='ocrx_word' id='word_1_226' title='bbox 588 3948 770 4016; x_wconf 88' lang='lat' dir='ltr'>aduocauit.</span> <span class='ocrx_word' id='word_1_227' title='bbox 812 3949 852 4014; x_wconf 93' lang='lat' dir='ltr'>de</span> <span class='ocrx_word' id='word_1_228' title='bbox 866 3948 973 4015; x_wconf 86' lang='lat' dir='ltr'>mariti</span> <span class='ocrx_word' id='word_1_229' title='bbox 988 3949 1114 4035; x_wconf 84' lang='lat' dir='ltr'>origine</span> <span class='ocrx_word' id='word_1_230' title='bbox 1128 3947 1283 4015; x_wconf 84' lang='lat' dir='ltr'>Brixiana</span> 
     </span>
     <span class='ocr_line' id='line_1_30' title="bbox 232 4064 1282 4155; baseline -0.004 -22"><span class='ocrx_word' id='word_1_231' title='bbox 232 4068 404 4133; x_wconf 79' lang='lat' dir='ltr'>iterasse</span> <span class='ocrx_word' id='word_1_232' title='bbox 426 4067 532 4133; x_wconf 88' lang='lat' dir='ltr'>habet.</span> <span class='ocrx_word' id='word_1_233' title='bbox 575 4077 668 4155; x_wconf 85' lang='lat' dir='ltr'>pater</span> <span class='ocrx_word' id='word_1_234' title='bbox 689 4064 823 4132; x_wconf 88' lang='lat' dir='ltr'>Caecilii</span> <span class='ocrx_word' id='word_1_235' title='bbox 846 4065 978 4131; x_wconf 87' lang='lat' dir='ltr'>Brixiae</span> <span class='ocrx_word' id='word_1_236' title='bbox 1000 4064 1100 4147; x_wconf 85' lang='lat' dir='ltr'>uixit,</span> <span class='ocrx_word' id='word_1_237' title='bbox 1127 4065 1183 4153; x_wconf 91' lang='lat' dir='ltr'>qui</span> <span class='ocrx_word' id='word_1_238' title='bbox 1203 4064 1282 4152; x_wconf 87' lang='lat' dir='ltr'>ipsc,</span> 
     </span>
     <span class='ocr_line' id='line_1_31' title="bbox 233 4180 1282 4271; baseline -0.004 -22"><span class='ocrx_word' id='word_1_239' title='bbox 233 4185 297 4250; x_wconf 88' lang='lat' dir='ltr'>iam</span> <span class='ocrx_word' id='word_1_240' title='bbox 333 4193 428 4249; x_wconf 88' lang='lat' dir='ltr'>antea</span> <span class='ocrx_word' id='word_1_241' title='bbox 459 4207 556 4271; x_wconf 86' lang='lat' dir='ltr'>qnam</span> <span class='ocrx_word' id='word_1_242' title='bbox 588 4183 672 4249; x_wconf 85' lang='lat' dir='ltr'>filius</span> <span class='ocrx_word' id='word_1_243' title='bbox 704 4204 838 4249; x_wconf 83' lang='lat' dir='ltr'>uxorem</span> <span class='ocrx_word' id='word_1_244' title='bbox 870 4180 982 4264; x_wconf 85' lang='lat' dir='ltr'>duxit,</span> <span class='ocrx_word' id='word_1_245' title='bbox 1011 4204 1086 4247; x_wconf 91' lang='lat' dir='ltr'>cum</span> <span class='ocrx_word' id='word_1_246' title='bbox 1113 4182 1174 4247; x_wconf 89' lang='lat' dir='ltr'>hac</span> <span class='ocrx_word' id='word_1_247' title='bbox 1204 4182 1282 4267; x_wconf 74' lang='lat' dir='ltr'>ipsa,</span> 
     </span>
    </p>
   </div>
   <div class='ocr_carea' id='block_1_7' title="bbox 0 0 1682 5200">
    <p class='ocr_par' dir='ltr' id='par_1_8' title="bbox 0 0 1682 5200">
     <span class='ocr_line' id='line_1_32' title="bbox 0 0 1682 5200; baseline 0 0"><span class='ocrx_word' id='word_1_248' title='bbox 0 0 1682 5200; x_wconf 95' lang='lat' dir='ltr'> </span> 
     </span>
    </p>
   </div>
  </div>
 </body>
</html>
