3342 5200
457 566 489 615 82
739 560 762 613 V
797 562 846 615 DE
862 558 1043 616 fflORlBV!
1059 556 1213 613 curvum

453 726 570 793 similes
582 738 714 817 questus
722 726 870 795 Catullus
881 728 914 793 in
925 725 1067 795 carmine
1077 746 1224 806 Lxxxvu,
1233 722 1322 812 qaod
1336 742 1379 785 ox
1387 718 1510 783 eadem

453 866 568 909 caussa
587 844 751 910 eteoclem
773 866 839 933 quo
858 844 937 909 illud
960 854 1106 930 tompore
1127 840 1284 929 scriptum
1308 846 1369 920 ost,
1390 831 1508 901 edidit.

553 996 650 1059 Nulla
671 1006 769 1081 polest
788 996 900 1059 mulier
920 1004 1037 1059 walum
1059 994 1215 1057 aedicere
1235 999 1376 1055 amatam

600 1132 680 1194 uere,
701 1124 847 1197 quantiam
867 1134 888 1174 a
907 1133 954 1174 me
977 1108 1092 1173 Derieis
1111 1120 1216 1172 amato
1236 1108 1342 1171 mea’s.

551 1227 642 1291 uallo
655 1227 741 1311 fides
761 1228 842 1291 nullo
862 1224 923 1307 fuit
942 1248 1087 1311 amquam
1101 1223 1336 1311 foederarentur

600 1352 717 1426 qucum
738 1344 772 1406 ia
794 1364 900 1406 amore
920 1355 971 1405 troo
992 1365 1029 1404 cr
1043 1352 1135 1426 parte
1156 1350 1279 1424 reperta
1294 1346 1399 1400 meast.

452 1504 591 1569 quocum
613 1482 754 1547 carmine
777 1480 944 1569 Scaliger,
975 1505 1072 1570 quem
1101 1491 1230 1568 praeter
1248 1479 1371 1543 multos
1394 1497 1512 1541 saecu-

452 1597 556 1661 lorum
582 1599 725 1685 priorum
746 1598 833 1663 uiros
856 1598 968 1665 doctos
988 1598 1218 1661 Lachmannus
1239 1592 1406 1680 Hauptius
1429 1589 1513 1655 Hel·

453 1714 560 1798 bigius
584 1712 724 1799 Heysius
746 1713 922 1779 Teuffelius
944 1711 1108 1799 Bergkius
1138 1715 1234 1797 (mus.
1257 1710 1407 1775 Rhenan.
1431 1730 1512 1807 nou.

453 1852 496 1893 xv
526 1830 602 1913 511)
635 1830 687 1893 alii
725 1831 824 1895 secuti
859 1840 953 1911 sunt,
990 1832 1059 1895 iure
1090 1829 1212 1917 optimo
1245 1850 1393 1892 carmen·
1412 1845 1514 1889 Lxxv

452 1945 629 2028 coniunxit,

550 2110 628 2153 nuuc
649 2100 692 2151 eal
712 2110 796 2151 meaa
818 2087 1034 2169 diductam,
1055 2112 1122 2153 mea
1144 2088 1270 2168 Lesbia,
1292 2084 1390 2170 calpa

601 2215 690 2287 utque
709 2208 750 2266 ita
772 2226 805 2267 sc
826 2202 937 2286 officii>
955 2207 1085 2289 perdidit
1106 2204 1182 2289 ipsc
1204 2226 1271 2279 sao,

550 2331 581 2381 ut
601 2321 664 2381 iam
684 2341 738 2383 nec
759 2321 831 2382 bene
852 2319 1041 2405 colloquens
1060 2320 1123 2401 ribi,
1145 2321 1177 2384 si
1190 2321 1309 2404 optima
1320 2316 1401 2402 fias,

599 2457 653 2497 nec
674 2434 821 2499 desistere
842 2458 959 2515 amare,
980 2436 1083 2499 omneis
1105 2436 1139 2499 si
1149 2434 1274 2519 facias.

539 2583 604 2648 Sed
634 2606 700 2647 non
724 2582 824 2648 solum
845 2583 878 2648 in
908 2583 1055 2649 Clodiam
1084 2583 1142 2649 sed
1174 2586 1272 2650 etiam
1293 2584 1325 2649 in
1349 2580 1515 2663 aemulos,

451 2698 640 2782 quibuscum
663 2721 700 2764 ea
715 2699 929 2782 adulterabat,
951 2700 1100 2768 Catullus
1121 2701 1334 2766 uehementer
1354 2701 1514 2765 inuectus

452 2823 509 2877 est.
552 2815 732 2901 dequibus
765 2816 817 2879 uni
841 2815 969 2880 Rauido
1001 2816 1187 2882 nesciocui
1213 2816 1363 2884 Clodiam
1385 2816 1515 2880 sectari

450 2950 527 2990 auso
549 2939 645 3013 poeta
665 2930 698 2993 in
721 2930 863 2994 carmine
877 2955 969 2996 xxxx
991 2933 1151 3010 Quaenam
1174 2946 1203 2997 rc
1223 2936 1311 2998 mola
1329 2955 1427 3013 meus,
1449 2932 1517 2996 mi-

449 3043 521 3105 selle
552 3043 677 3110 Rouide
705 3068 842 3132 poenam
870 3047 1094 3132 grauissimam
1124 3051 1279 3114 minatur.
1322 3058 1514 3135 praeterea,

451 3155 477 3217 si
505 3157 538 3218 in
566 3161 705 3223 tenebris
733 3171 797 3223 tam
829 3158 938 3246 spissis
966 3163 1159 3228 coniecturis
1185 3165 1287 3229 fidere
1308 3165 1402 3246 licet,
1433 3187 1515 3228 con·

450 3269 544 3352 plura
572 3275 714 3337 carmina
747 3276 883 3338 lortasse
910 3275 974 3339 huc
1003 3279 1174 3344 referenda
1205 3289 1282 3345 sunt
1313 3281 1349 3344 in
1386 3279 1516 3367 quibus

452 3381 597 3448 Catullus
637 3389 677 3452 de
711 3388 848 3476 perfidia
883 3392 1060 3457 amicorum
1096 3397 1303 3481 quorundam
1347 3397 1515 3482 queritur.

451 3481 699 3564 ueluti'carmen
721 3523 768 3568 Lx
789 3504 873 3568 Num
894 3517 921 3569 le
943 3507 1051 3572 leaena
1074 3513 1224 3576 monulus
1245 3511 1442 3596 abyssina,
1476 3511 1515 3578 in

451 3630 516 3692 quo
540 3610 579 3672 dc
601 3617 738 3697 quodam
762 3620 816 3704 qui
845 3615 886 3683 ‘in
907 3624 1083 3688 nouissimo
1115 3621 1220 3708 casu‘,
1250 3637 1289 3692 ut
1320 3628 1367 3692 ait
1399 3641 1516 3716 pocta,

447 3743 559 3807 procos
574 3748 647 3790 suas
662 3753 725 3796 non
742 3734 915 3816 audiuerit‚
931 3739 1076 3821 grauiter
1091 3743 1262 3826 queritur:
1277 3766 1380 3830 quem
1396 3770 1517 3812 casum

450 3836 508 3898 etsi
541 3841 698 3907 nescimus
727 3849 828 3932 qualis
850 3851 966 3932 fuerit,
999 3863 1108 3920 tamen
1139 3880 1213 3922 cum
1243 3870 1366 3945 poetae
1398 3884 1518 3926 amore

449 3952 581 4033 eiusque
613 3955 886 4027 uicissitudinibus
917 3967 1097 4034 cohaesisse
1127 3995 1193 4037 non
1222 3974 1271 4040 ita
1298 3974 1518 4060 inprobabilc

449 4073 506 4126 est.
550 4065 633 4128 idem
664 4069 703 4130 de
733 4067 844 4140 ‘malis‘
871 4080 1047 4158 coniciam,
1086 4084 1120 4148 in
1151 4087 1271 4172 quibus
1300 4091 1343 4157 ab
1375 4092 1518 4176 Alfeno,
