3342 5200
632 628 844 683 PRooemvrs
1228 632 1244 679 3

195 797 300 861 corios
325 794 433 861 dolere
458 804 581 882 potest,
614 796 668 882 qui
699 794 763 859 iam
792 795 877 861 bunc
903 795 1048 861 libellum
1068 793 1244 860 emissurus

196 936 276 994 sum,
291 933 355 999 quo
369 934 422 977 res
431 934 486 977 aas
501 912 541 977 de
557 911 674 999 quibus
691 913 835 999 inopere
850 912 906 977 illo
920 934 992 977 sese
1006 910 1244 999 disputaturum

194 1029 247 1093 ille
262 1028 420 1116 pollicitus
440 1040 511 1095 arat
530 1029 714 1095 tractandas
728 1029 805 1093 mihi
828 1029 890 1115 ipsi
907 1028 994 1095 baud
1009 1030 1076 1094 scio
1094 1052 1135 1094 an
1149 1029 1245 1095 auda-

196 1147 266 1211 cius
289 1170 385 1233 quam
403 1147 593 1235 prudentius
611 1148 811 1234 sumpserim.
847 1148 892 1212 ita
905 1145 990 1212 onim
1005 1149 1244 1213 enarrationem

197 1274 340 1329 nostram
363 1265 589 1330 instituendam
612 1264 690 1329 duxi
714 1272 749 1329 ut
770 1263 802 1329 in
821 1262 995 1330 uoluminis
1009 1264 1136 1352 prioris,
1157 1265 1244 1351 quod

196 1380 326 1447 nomine
360 1382 647 1468 quaestionum
692 1379 1027 1447 Catullianarum
1069 1382 1246 1448 inscribere

195 1497 311 1579 lubuit,
327 1507 418 1585 parto
433 1498 542 1584 priore
554 1497 620 1562 aine
640 1496 681 1561 in
703 1497 994 1587 quaestionum
1015 1496 1166 1580 libror,
1189 1498 1245 1586 qui

197 1614 245 1679 de
273 1616 361 1679 uita
383 1612 545 1681 Catulli
565 1624 630 1696 eat,
659 1612 701 1678 de
723 1614 872 1680 omnibus
892 1615 990 1679 rebus
1011 1614 1186 1698 historicis,
1208 1624 1246 1681 ut

194 1731 366 1817 perspicue
388 1730 489 1816 magis
517 1753 613 1818 quam
635 1730 751 1796 Latine
779 1730 910 1818 loquar,
939 1752 1075 1819 quarum
1102 1729 1245 1817 cognitio

196 1847 237 1913 ad
260 1846 423 1913 Catullum
450 1848 545 1934 plene
572 1848 825 1935 intellegendum
854 1848 1035 1915 necessaria
1057 1858 1122 1931 est,
1143 1846 1246 1915 ueluti

197 1973 326 2051 praeter
346 1973 460 2051 poetae
482 1965 581 2030 oium
603 1965 705 2051 ipsam
728 1965 762 2029 in
782 1964 894 2053 primis
909 1966 951 2031 do
964 1964 1163 2053 temporibus
1179 1988 1246 2033 car

196 2082 321 2145 minum
343 2080 597 2147 Catullianorum
621 2092 653 2147 et
674 2082 715 2147 de
735 2080 881 2169 personis
896 2080 1089 2148 Catullianis
1110 2082 1246 2147 dissera-

196 2207 260 2262 tur.
304 2196 419 2263 deinde
448 2199 480 2262 in
514 2199 654 2264 eiusdem
684 2200 858 2266 uoluminis
879 2208 972 2287 parte
994 2200 1095 2265 altera
1116 2198 1186 2264 siue
1205 2198 1245 2264 in

198 2315 490 2403 quaestionum
517 2315 629 2381 libro
654 2334 701 2399 11,
735 2318 790 2405 qui
819 2315 866 2381 de
895 2314 1156 2384 carminibus
1179 2314 1246 2382 Ga·

198 2431 297 2498 tulli
328 2433 406 2515 erit,
434 2432 542 2498 omnia
569 2432 810 2521 conplectemur
831 2455 915 2521 quae
937 2432 978 2497 do
1000 2430 1120 2499 Catulli
1140 2431 1246 2519 poesis

198 2548 305 2616 indole
328 2557 360 2614 et
381 2559 450 2615 arto
472 2550 512 2615 dc
534 2550 602 2616 eius
622 2548 886 2636 generedicendi
909 2549 949 2615 de
969 2549 1039 2615 cios
1059 2570 1096 2615 re
1113 2548 1248 2615 metrica

198 2664 392 2754 exponenda
412 2677 514 2732 erunt.
556 2677 625 2732 tum
647 2666 680 2730 iu
700 2666 831 2731 alterim
846 2667 1019 2732 uoluminis
1034 2675 1126 2753 parte
1139 2667 1247 2753 priore

197 2781 266 2869 ipse
281 2780 441 2848 Catulli
471 2782 593 2863 liber,
620 2784 711 2848 ouius
734 2783 925 2848 emendandi
945 2785 1028 2847 ratio
1049 2781 1144 2848 unice
1168 2803 1247 2847 uera

198 2899 228 2964 in
263 2919 359 2963 omne
391 2908 426 2963 ut
453 2898 581 2965 uidetur
612 2911 741 2987 tempus
772 2898 880 2965 Caroli
908 2899 1108 2965 Lachmanni
1139 2919 1248 2963 recen·

198 3016 289 3080 sione
310 3013 530 3081 demonstrata
555 3025 612 3098 est,
636 3016 823 3102 recognitus
848 3037 921 3080 cum
946 3014 1072 3080 selectis
1100 3014 1245 3080 codicum

199 3132 392 3198 lectionibus
413 3141 446 3197 ot
467 3131 609 3196 uirorum
636 3132 803 3198 doctorum
824 3131 1017 3197 coniecturis
1038 3141 1166 3196 etcum
1187 3131 1249 3196 dis·

199 3247 427 3338 quisitionibus
449 3249 488 3313 dc
509 3248 582 3314 libri
605 3247 778 3315 Catulliani
801 3249 938 3314 historia
959 3249 999 3314 de
1021 3249 1186 3314 codicibus
1207 3247 1248 3313 de

198 3366 395 3433 editionibus
417 3365 650 3432 exhibebitur:
672 3367 752 3431 baec
774 3368 881 3431 omnia
902 3365 1042 3452 denique
1056 3366 1090 3430 in
1105 3366 1251 3458 eiusdem

198 3484 373 3548 uoluminis
395 3492 487 3570 parte
509 3483 610 3548 altera
632 3482 964 3548 commentarios
987 3482 1116 3569 singula
1137 3483 1249 3549 carmi·

199 3623 278 3665 num
300 3599 465 3686 explicans
488 3600 627 3686 excipiet
648 3610 681 3664 et
702 3598 744 3663 ad
765 3598 862 3662 finem
884 3598 1050 3686 perdocet.

282 3715 382 3796 Quod
414 3716 510 3781 modo
543 3716 739 3782 recensionis
769 3715 844 3780 libri
875 3714 1048 3782 Catulliani
1081 3738 1101 3780 a
1130 3713 1249 3781 Carolo

196 3832 410 3899 Lachmanno
432 3835 537 3898 iactae
553 3833 749 3899 mentionem
771 3832 877 3908 inieci,
896 3832 960 3897 boc
981 3834 1052 3898 loco
1074 3855 1139 3898 non
1160 3832 1250 3896 nulla

197 3950 295 4016 uideo
317 3948 395 4017 mibi
416 3948 563 4017 addenda
586 3972 665 4032 esse,
689 3971 753 4014 nou
776 3971 841 4035 quo
861 3948 1012 4014 iudicium
1038 3942 1125 4036 quod
1149 3947 1190 4013 de
1210 3970 1250 4012 ea

83 4107 85 4110 -
196 4067 258 4132 toli
280 4065 427 4155 pluribus
449 4067 622 4154 adprobem
645 4069 735 4150 (nam
753 4065 849 4130 huius
870 4066 917 4130 rei
935 4067 1177 4153 persequendae
1193 4064 1249 4128 bc·

196 4185 288 4248 casio
308 4185 342 4246 in
363 4183 465 4276 altero
487 4183 648 4248 uolumine
670 4183 763 4251 nobis
784 4181 917 4248 adfatim
939 4192 1053 4268 parata
1074 4181 1167 4263 erit),
1194 4181 1247 4244 sed

1000 4285 1016 4345 1
1032 4284 1050 4322 2
