3342 5200
477 652 501 703 V
534 652 582 705 DE
600 650 778 705 moramve
796 651 951 705 estvm
1183 654 1231 703 131
1270 663 1273 671 ’

192 818 343 888 Clodiam
364 818 439 885 inde
453 819 494 885 ab
509 828 654 885 extremo
675 841 760 884 anno
774 818 892 896 695159
911 838 1014 904 usque
1036 817 1077 883 ad
1096 817 1240 883 medium

191 938 309 1015 697157
325 939 495 1004 amouisse.
530 936 604 1004 inde
619 957 684 1003 non
698 935 786 1001 nulla
800 936 879 1001 satis
892 936 1008 1021 mania
1020 934 1237 1021 conliguntur,

191 1055 332 1143 primum
353 1064 429 1121 ante
449 1051 567 1131 695Ι59
588 1050 751 1120 Catullum
775 1052 919 1135 coepisse
940 1050 1086 1118 Clodiam
1108 1074 1238 1117 amare:

191 1196 267 1240 nam
291 1196 334 1239 ex
356 1170 483 1239 Catullo
506 1171 624 1237 scimus
647 1170 702 1254 (cf.
724 1192 822 1257 snpra
835 1192 868 1257 p.
882 1168 939 1253 86)
962 1167 1109 1237 Caelium
1127 1177 1243 1258 poetae

193 1288 343 1359 Clodiam
365 1287 607 1354 abalienauisse.
652 1286 768 1353 deinde
793 1288 937 1353 carmina
955 1308 995 1351 ea
1014 1287 1049 1351 in
1070 1286 1243 1374 quibusda

193 1406 307 1474 Caelio
341 1406 464 1472 aemulo
498 1414 595 1492 poeta
629 1405 776 1493 queritur
815 1425 899 1470 anno
929 1403 1047 1482 695159
1078 1406 1131 1470 uel
1165 1403 1242 1469 dno

192 1523 253 1589 bus
275 1522 494 1611 sequentibus,
516 1531 631 1588 contra
651 1542 690 1588 ea
709 1522 743 1587 in
762 1520 880 1608 quibus
894 1521 1005 1588 laudes
1019 1520 1156 1588 Lesbiae
1176 1543 1242 1587 non

193 1640 269 1706 dum
292 1638 436 1727 perfidae
469 1638 673 1705 celebrantur
699 1648 774 1705 ante
801 1638 973 1705 terminum
1002 1640 1092 1705 illum
1122 1638 1242 1726 scripta

193 1777 272 1822 esse.
317 1766 351 1823 at
366 1764 487 1844 quanto
502 1756 656 1845 temporis
677 1764 753 1823 ante
766 1755 939 1822 torminum
959 1755 1082 1822 illum?
1124 1755 1166 1821 do
1180 1757 1241 1821 hac

192 1895 227 1940 re
249 1874 314 1939 nisi
335 1873 460 1941 incerta
485 1873 589 1941 conici
610 1896 675 1941 non
696 1883 840 1962 possunt.
882 1873 1154 1962 Iungelaussenus
1175 1896 1242 1939 cnr

192 1991 281 2057 mina
313 2012 398 2079 quae
425 2012 568 2057 amorem
598 1989 683 2057 inter
711 1987 875 2057 Catullum
904 1999 938 2057 et
970 1988 1117 2058 Clodiam
1143 1991 1241 2057 etiam

193 2108 360 2195 uigentem
388 2115 548 2173 testantur
577 2106 716 2173 triennio
742 2107 829 2195 quod
857 2108 898 2173 ab
928 2129 957 2174 a.
987 2107 1107 2185 692l62
1135 2130 1240 2195 usque

193 2225 234 2290 ad
255 2224 376 2302 694160
402 2224 466 2290 fuit
493 2224 669 2292 attribuit:
691 2224 748 2291 sed
768 2224 874 2291 uirum
895 2223 1115 2291 doctissimum
1135 2225 1240 2291 fateor

194 2341 274 2407 mihi
310 2340 443 2407 nimium
482 2340 593 2428 largiri
632 2340 745 2408 uideri.
794 2342 978 2409 consideres
1011 2341 1110 2409 uelim
1144 2364 1241 2428 qnam

89 2524 90 2547 p
193 2479 300 2547 pauca
321 2456 442 2525 Catulli
470 2457 613 2523 earmina
633 2467 708 2524 sunt
729 2480 812 2546 quae
836 2458 1014 2526 amantium
1034 2460 1239 2526 concordiam

193 2584 226 2642 et
245 2575 494 2642 unanimitatem
515 2574 654 2663 spirent,
686 2575 816 2664 iusuper
842 2576 919 2642 inde
946 2577 988 2644 ab
1008 2576 1099 2645 initio
1120 2577 1238 2644 amoris
1373 2640 1376 2643 .

192 2671 358 2759 Catulluni
377 2716 396 2759 a
416 2693 550 2776 Lesbia,
577 2691 612 2759 id
639 2693 726 2780 qnod
754 2693 967 2760 certissimum
988 2706 1037 2762 est
1058 2695 1115 2781 (cf.
1138 2717 1238 2782 supra

189 2833 222 2898 p.
243 2809 313 2894 69),
335 2811 473 2898 turpiter
493 2810 664 2898 deceptum
685 2832 755 2877 esse
774 2832 784 2876 z
803 2811 920 2878 deinde
936 2812 1011 2881 uide
1032 2833 1152 2900 quaeso
1173 2812 1237 2878 iam

190 2950 277 2996 anno
292 2927 418 3012 694s60,
434 2949 499 3016 quo
512 2927 680 2994 discidium
696 2925 942 2996 interementes
958 2952 1022 2997 non
1038 2931 1116 2997 dum
1130 2939 1237 2998 ortum

191 3053 273 3130 erat,
297 3042 487 3112 Ciceronem
500 3045 538 3112 P.
555 3042 670 3112 Clodio
685 3046 844 3114 incestum
857 3069 932 3114 cum
951 3069 1063 3114 sorore
1079 3047 1238 3136 quadran·

189 3164 275 3230 teria
303 3161 425 3229 factum
452 3163 487 3230 iu
514 3162 685 3251 conloquio
715 3166 963 3252 exprobrauisse
983 3165 1040 3252 (cf.
1061 3165 1103 3233 ad
1125 3165 1194 3233 Att
1215 3187 1238 3232 u

191 3280 271 3365 15).
304 3280 414 3368 itaque
431 3279 603 3346 triennium
625 3280 727 3347 maius
749 3283 906 3371 temporis
920 3283 1069 3373 ‚spatium
1089 3283 1238 3350 duxerim

190 3419 291 3487 quam
312 3405 349 3463 ut
368 3395 488 3464 Lesbia
516 3396 671 3486 tantisper
699 3409 755 3465 aut
783 3399 946 3468 amolitis
967 3410 1000 3467 et
1020 3401 1164 3491 nequitia
1184 3401 1236 3469 de

190 3513 309 3580 cedere
322 3523 379 3580 aut
393 3513 557 3581 Catullum
570 3513 695 3603 flagitia
714 3539 773 3582 sua
794 3517 900 3585 celare
913 3518 1064 3605 potnerit
1107 3540 1187 3606 ergo
1208 3520 1236 3585 si

191 3632 336 3697 carmina
361 3631 418 3696 illa
439 3653 523 3720 quae
543 3654 684 3699 amorem
705 3655 771 3700 non
791 3634 870 3700 dum
890 3635 1056 3702 turbatum
1076 3645 1236 3704 testantur

189 3747 323 3814 biennio
345 3771 373 3814 a
394 3748 509 3826 693161
533 3758 565 3814 et
586 3749 705 3828 694l60
726 3750 961 3839 adsignauero,
983 3754 1116 3841 propius
1137 3776 1234 3842 quam

190 3865 481 3954 Iungolaussenum
504 3847 644 3932 arbitror
664 3867 705 3934 ad
719 3890 834 3936 uerum
854 3890 906 3936 me
927 3870 1110 3938 accessisse.
1130 3893 1235 3960 neque

189 3983 364 4069 quicquam
390 3984 424 4048 in
456 3983 539 4050 libro
575 3981 756 4050 Catulliano
791 3985 875 4051 inest
908 4008 972 4074 quo
1007 3987 1088 4054 hoec
1121 3999 1234 4057 nostra

189 4100 353 4166 sententia
367 4100 537 4167 refelletur.
580 4123 773 4189 quamquam
788 4103 821 4168 in
838 4104 979 4171 carmine
992 4111 1127 4189 vatul,
1148 4106 1236 4194 qnod

188 4215 253 4282 iam
276 4238 377 4304 supra
398 4218 445 4304 (p.
466 4217 521 4301 78)
549 4217 584 4282 in
605 4218 742 4288 confinio
772 4221 891 4286 amoris
910 4220 1037 4308 integri
1049 4230 1082 4289 et
1102 4222 1235 4306 discidii,

496 4363 501 4377 .
983 4321 1035 4386 9*
