3342 5200
320 659 368 708 leo
579 656 629 707 VII
663 656 710 707 Du
728 655 870 709 Irmene
888 655 1082 708 BITHYNIGO

318 822 530 888 Bobiensibus
551 847 582 910 p.
598 823 669 906 323,
689 824 732 906 2).
776 847 847 889 oum
870 845 947 888 uero
969 832 1134 910 praetores
1156 822 1212 911 qui
1236 822 1359 887 fuerant

317 962 400 1005 anno
432 940 581 1026 sequenti
609 939 642 1005 in
670 941 851 1027 prouincias
887 962 966 1027 quas
998 938 1262 1005 administrarent
1292 960 1359 1025 pro

316 1056 415 1122 ficisei
437 1056 592 1133 solerent,
616 1056 802 1122 Memmium
825 1080 908 1121 anno
931 1056 1046 1132 697157
1068 1055 1139 1120 ueri
1161 1056 1356 1122 simillimum

317 1184 364 1239 est
384 1173 583 1261 prouinciam
605 1173 880 1240 administrauisse
901 1199 908 1238 ε
931 1196 1027 1260 quam
1054 1172 1244 1259 Bithyniam
1265 1172 1359 1237 feriare

317 1290 464 1358 Catullus
487 1292 572 1357 solus
593 1292 685 1357 nobis
707 1290 849 1357 tradidit.
889 1290 1005 1355 iniuria
1032 1291 1116 1354 enim
1150 1298 1186 1355 ut
1206 1290 1269 1356 hoc
1290 1311 1358 1377 pro

312 1410 428 1474 harent
443 1407 608 1475 Gifanium
623 1408 775 1493 Pighium
797 1409 878 1473 alios
900 1407 941 1473 ad
957 1408 1178 1494 fragmentum
1202 1406 1355 1474 orationis

316 1525 357 1592 G.
390 1524 540 1592 Caesaris
572 1547 630 1613 pro
661 1525 810 1613 Bithynis
841 1525 1004 1612 quoddam
1034 1524 1266 1612 prouocauisse
1297 1524 1356 1613 ipsi

315 1642 398 1708 infra
419 1641 718 1709 demonstrabimus.

397 1759 464 1826 Sed
497 1761 676 1854 sententiae
706 1761 753 1826 illi
789 1759 830 1825 de
865 1760 1016 1825 Memmio
1052 1781 1136 1825 anno
1172 1759 1290 1843 697157
1325 1758 1356 1823 in

315 1876 468 1965 Bithynia
495 1886 704 1965 propraetore
735 1900 800 1942 non
828 1878 937 1943 nullae
963 1898 1016 1942 ree
1043 1878 1173 1942 obstare
1194 1877 1355 1942 uidentur.

314 1994 355 2059 ad
382 1995 511 2061 modum
539 2004 651 2061 notum
679 2004 728 2059 est
755 2016 902 2059 nummos
929 2017 995 2059 non
1025 2015 1146 2082 paucos
1168 1993 1355 2079 Bithynicos

313 2134 480 2201 superesse
509 2112 544 2177 in
573 2113 690 2198 quibus
711 2110 841 2177 nomina
862 2120 1105 2199 propraetorum
1129 2112 1182 2176 uel
1206 2132 1248 2176 ex
1268 2133 1355 2199 prae

313 2239 386 2296 tura
412 2229 640 2317 proconsulum
671 2229 893 2294 Romanorum
915 2229 1006 2294 annis
1026 2228 1144 2315 quihus
1166 2230 1291 2294 nummi
1311 2228 1354 2293 in·

313 2346 381 2413 cusi
410 2356 484 2412 sunt
515 2369 612 2434 saepe
644 2346 759 2412 additis
780 2348 941 2433 leguntur.
984 2346 1040 2433 qui
1061 2344 1138 2411 anni
1160 2345 1202 2409 ab
1225 2345 1354 2433 epocha,

313 2487 409 2552 quam
431 2473 504 2550 post
525 2462 756 2530 diuersissimas
770 2465 913 2529 uirorum
928 2462 1095 2528 doctorum
1115 2464 1294 2528 sententias
1316 2465 1354 2530 ab

312 2580 470 2647 Eckhelio
502 2579 550 2662 (in
572 2579 717 2648 doctrina
736 2604 940 2646 nummorum
961 2589 1106 2647 ueterum
1129 2604 1149 2645 u
1174 2579 1252 2663 397)
1285 2602 1354 2646 con-

311 2698 409 2765 lectae
425 2697 680 2765 Sanclementius
695 2699 750 2783 (de
765 2697 896 2786 epochis
910 2700 1137 2764 numismatum
1152 2698 1353 2784 inperialium

310 2839 341 2903 p.
361 2816 423 2880 268
445 2828 477 2882 et
499 2816 721 2904 sequentihus)
743 2814 827 2880 inter
849 2815 1086 2903 aequinoctium
1107 2817 1295 2882 autumnale
1315 2817 1354 2883 ab

311 2935 390 2999 urbe
411 2934 541 2999 condita
561 2933 699 3010 4751279
728 2942 761 2996 et
782 2954 917 2998 uernum
937 2933 1177 3020 aequinoctium
1205 2932 1258 2997 uel
1280 2933 1354 2998 sols-

310 3049 416 3116 titium
438 3052 596 3117 aestiuum
618 3050 694 3116 anni
706 3049 844 3126 4761278
866 3050 1015 3115 incidisse
1036 3040 1215 3116 rectissime
1238 3049 1354 3132 docuit,

310 3177 527 3255 conputantur
558 3177 657 3255 atque
689 3166 896 3232 descendunt.
949 3167 982 3231 in
1013 3167 1063 3232 his
1090 3165 1229 3232 nummis
1258 3167 1352 3232 etiam

311 3295 385 3350 sunt
409 3287 441 3350 in
464 3286 579 3372 quibus
600 3307 716 3351 nomen
738 3285 781 3350 G.
803 3283 925 3371 Papirii
947 3282 1103 3350 Carbonis
1125 3283 1216 3348 annis
1237 3284 1301 3348 222
1323 3293 1353 3350 et

309 3402 370 3465 224
392 3401 508 3468 additis
530 3411 692 3490 conparet,
715 3423 796 3489 quos
812 3423 913 3465 annos
928 3401 955 3465 si
970 3400 1011 3466 ad
1027 3401 1167 3488 epochae
1189 3401 1352 3468 cardinem

309 3519 447 3594 4751279
463 3520 633 3602 rettuleris,
656 3519 732 3584 anni
753 3519 794 3583 ab
815 3518 897 3582 urbe
911 3519 1042 3583 condita
1056 3518 1171 3596 697157
1188 3528 1222 3584 et
1235 3517 1352 3596 699155

309 3637 500 3702 efficiuntur.
553 3637 602 3702 sin
633 3646 740 3702 autem
769 3635 811 3700 G.
841 3634 989 3722 Papirius
1019 3634 1127 3702 Garbe
1157 3633 1214 3720 (of.
1249 3632 1351 3702 Cassii

308 3753 424 3819 Dionis
444 3777 546 3820 xxxvi
569 3755 623 3837 23)
645 3753 831 3840 Bithyniam
852 3752 1050 3840 prouinciam
1071 3751 1162 3818 annis
1181 3751 1299 3829 697157
1320 3760 1351 3817 et

308 3870 433 3935 duobus
455 3871 663 3960 sequentibus
685 3868 778 3951 rexit,
800 3890 865 3956 quo
886 3868 983 3934 modo
1007 3869 1119 3935 eodem
1134 3890 1219 3934 anno
1234 3867 1348 3945 697157

307 3985 481 4052 Memmius
519 3986 604 4052 illius
643 3985 828 4074 prouinciae
869 4007 1000 4073 praeses
1035 4009 1105 4052 esse
1139 3985 1277 4073 potuit?
1318 3995 1349 4051 at

308 4112 417 4168 tamen
439 4126 480 4168 ex
495 4102 543 4167 his
559 4101 801 4170 difficultatibus
822 4103 918 4167 facile
931 4126 989 4167 nos
1005 4103 1156 4191 expedire
1170 4125 1348 4191 possumus.

307 4241 415 4286 nonne
437 4222 539 4303 enim,
560 4220 710 4306 quoniam
733 4218 988 4287 Sanclementius
1010 4220 1052 4285 ad
1073 4243 1193 4287 annum
1212 4220 1348 4300 4761278
