3342 5200
392 654 426 705 9²
679 650 703 702 V
737 650 786 701 DE
803 648 984 702 suonmve
1001 646 1157 701 curvum

392 826 500 883 tamen
534 817 684 904 equidem
712 816 754 882 ab
787 817 853 883 ullo
873 814 1016 881 libidinis
1037 836 1158 901 genere
1190 811 1340 881 Clodium
1372 814 1445 879 abs

392 932 529 1001 tinuisse
557 944 590 998 et
617 954 659 999 ex
688 932 857 1000 Ciceronis
887 931 1055 999 reticentia
1082 931 1124 996 de
1143 928 1276 995 fellaudi
1297 930 1446 1018 nequitia

393 1048 566 1139 quicquum
594 1050 723 1117 decerni
744 1072 840 1138 posse
860 1072 955 1137 nego.
998 1060 1167 1137 praeterea
1187 1057 1224 1112 ut
1244 1046 1350 1134 Lipsii
1372 1070 1445 1113 sen·

391 1167 494 1233 tentia
512 1167 729 1254 redarguatur
749 1166 875 1231 aceedit
896 1166 983 1254 quod
997 1164 1146 1230 Muretus
1166 1165 1249 1231 bene
1269 1164 1445 1248 intellexit,

392 1282 576 1367 Catullum,
608 1306 680 1349 cum
702 1282 858 1347 Lesbium
887 1283 1035 1368 pulcrum
1056 1281 1197 1358 diecret,
1229 1280 1446 1366 ambiguitate

392 1398 532 1487 quadam
565 1420 657 1465 usum
688 1398 729 1463 ad
756 1398 865 1465 Pulcri
899 1419 1079 1484 cognomen
1108 1395 1217 1464 Clodii
1247 1398 1443 1485 respexisse.

393 1516 480 1605 quod
504 1517 531 1581 si
552 1536 665 1581 uerum
687 1526 752 1600 est,
775 1527 807 1582 et
827 1516 973 1605 profecto
996 1516 1105 1581 omnia
1124 1537 1238 1581 nerum
1259 1537 1331 1581 esse
1351 1515 1446 1603 flagi-

392 1641 473 1716 tant,
496 1632 573 1699 Sex.
589 1629 739 1698 Clodium
752 1632 813 1698 hoc
829 1633 972 1698 carmine
990 1633 1193 1699 nominatum
1209 1653 1279 1697 csse
1292 1642 1446 1698 uetamur

391 1746 555 1814 arbitrari.
598 1747 716 1813 etenim
742 1758 778 1813 ut
802 1750 949 1815 omittam
972 1748 1181 1831 Ciceronem,
1217 1748 1445 1835 quotienseum

393 1886 457 1955 que
482 1864 568 1929 illius
595 1864 791 1929 mentionem
815 1863 903 1945 feeit,
932 1863 963 1929 ei
986 1885 1165 1952 numquam
1189 1863 1300 1929 Pulcri
1321 1886 1443 1930 nomen

391 1980 563 2065 indidisse,
595 1978 671 2047 Sex.
701 1979 854 2062 Clodius,
889 1979 945 2068 qui
967 1980 1057 2045 nulla
1084 1979 1326 2067 propinquitate
1349 1982 1444 2069 genti

392 2096 528 2165 Clodiae
554 2097 744 2163 coniunctus
773 2095 815 2161 ab
843 2096 973 2161 homine
1001 2096 1080 2161 olim
1108 2120 1129 2162 a
1154 2095 1270 2165 Clodio
1298 2098 1444 2185 quodam

389 2238 487 2281 manu
508 2215 607 2281 misso
629 2214 786 2299 originem
808 2214 939 2279 duxisse
959 2214 1090 2279 uidetur
1104 2213 1159 2297 (ef.
1174 2214 1359 2280 Drumenni
1374 2215 1444 2281 HR

390 2354 409 2397 n
424 2330 511 2414 386),
533 2331 590 2396 uix
612 2341 645 2396 et
664 2353 706 2395 ne
728 2331 784 2396 uix
806 2331 936 2418 quidem
951 2330 1060 2396 Pulcri
1083 2352 1265 2417 cognomen
1287 2332 1443 2399 habuisse

388 2456 505 2535 potest.
551 2448 628 2536 quid
651 2448 755 2535 quod,
789 2448 885 2513 etiam
908 2446 935 2511 si
956 2446 1078 2513 Mureti
1105 2447 1146 2513 de
1166 2449 1322 2535 ambiguo
1344 2472 1443 2514 sensu

389 2564 540 2634 uocabuli
554 2566 666 2652 pulcer
687 2564 847 2631 sententia
866 2563 936 2630 ueri
951 2562 1113 2630 simillime
1132 2574 1310 2646 recusatur,
1333 2576 1444 2632 tamen
1570 2561 1573 2563 ’

389 2683 429 2749 de
450 2680 528 2750 Sex.
550 2680 667 2750 Clodio
701 2680 836 2769 cogitaui
856 2681 990 2770 nequit,
1022 2683 1144 2770 quippe
1176 2693 1274 2771 quem
1304 2684 1444 2750 sciamus

389 2823 455 2866 non
488 2809 555 2866 tarn
583 2799 730 2886 pulcrum
759 2821 855 2886 quam
886 2799 1066 2864 deformem
1095 2799 1207 2865 fuisse.
1251 2800 1293 2866 cf.
1326 2799 1443 2869 Cicero

389 2919 423 2984 in
445 2915 598 2981 Pisonem
618 2915 680 2980 48
706 2915 752 2979 lt
774 2965 781 2980 .
806 2966 812 2979 .
835 2965 842 2978 .
864 2915 971 3000 (Piso)
995 2914 1065 2981 Ser.
1089 2915 1245 3001 Clodiam,
1277 2921 1334 3004 qui
1352 2941 1444 2983 aam-

390 3055 485 3119 qanm
498 3041 589 3096 cnm
597 3043 808 3115 praetextatum
814 3030 942 3117 fuisset,
956 3033 1042 3098 bedas
1049 3032 1167 3119 facere
1180 3046 1208 3098 et
1219 3045 1446 3120 praetercantur

389 3148 523 3213 aolr'tare
538 3169 651 3232 possus
673 3170 712 3224 es,
735 3147 883 3213 hominem
903 3154 1045 3232 inpurum
1067 3173 1106 3214 cc
1127 3173 1186 3216 noa
1205 3151 1296 3216 modo
1322 3150 1447 3236 faeie

389 3267 444 3330 sed
464 3266 555 3330 etrum
574 3265 684 3330 oculo
704 3276 769 3330 tac
791 3263 1021 3351 dignissimae.
1062 3265 1213 3331 Pisonem
1235 3288 1315 3333 uero
1337 3267 1446 3334 defor-

389 3381 566 3448 missimum
599 3379 699 3446 fuisse
736 3403 777 3446 ex
813 3380 979 3448 Ciceronis
1010 3382 1091 3447 loeis
1122 3383 1269 3470 plurimis
1304 3395 1444 3452 constat.

388 3497 427 3563 cf.
449 3497 482 3564 iu
504 3497 655 3564 Pisonem
678 3504 690 3563 l
717 3501 733 3562 1
756 3523 841 3565 acmo
869 3501 1009 3586 φωρ-τίων
1031 3499 1146 3587 Qum
1166 3507 1270 3568 assero
1289 3525 1383 3589 qoem
1403 3507 1443 3570 de

386 3637 484 3704 prope
503 3616 684 3681 mammem
697 3616 811 3698 factum
832 3618 1077 3682 menoncaleni.
1119 3643 1177 3684 non
1195 3621 1278 3684 enim
1293 3624 1447 3686 noscolor

389 3735 445 3796 iste
459 3732 583 3798 serrdlrir
596 3757 655 3798 aon
666 3733 789 3817 pilosae
801 3757 900 3820 peace
915 3757 976 3799 noa
990 3733 1095 3799 dentes
1112 3739 1227 3820 putridi
1245 3735 1443 3822 deceperant.

391 3847 431 3912 de
454 3849 554 3914 oeulis
576 3848 702 3935 Pisonis
723 3849 799 3915 uide
820 3849 862 3915 de
880 3849 988 3916 reditu
1008 3850 1041 3915 in
1063 3851 1165 3916 seni
1190 3852 1229 3917 16
1249 3873 1310 3940 pro
1332 3853 1443 3921 Sestio

390 3963 410 4028 8
439 3963 479 4028 19
506 3964 540 4028 in
568 3964 720 4032 Pisonem
741 3967 762 4030 5
785 3967 833 4030 11.
855 3967 877 4031 6
900 3968 949 4032 14.
994 3967 1034 4033 cl.
1065 3968 1163 4033 etiam
1198 3967 1366 4036 Manutius
1401 3973 1451 4038 ad-

389 4081 497 4146 locum
527 4079 694 4147 Sestianae
725 4091 759 4146 et
788 4082 998 4150 Drumannus
1020 4084 1112 4150 1177.
1154 4088 1353 4153 remouende
1381 4090 1444 4177 igi·

388 4207 441 4266 tur
470 4195 570 4285 Lipsii
602 4195 719 4287 opinio.
769 4219 828 4264 uec
864 4200 969 4291 magis
1009 4200 1268 4292 Iungclausseuo
1301 4204 1343 4270 de
1375 4206 1442 4276 hoe
