3342 5200
602 637 680 690 xrm
714 637 763 692 un
780 635 929 690 commo
1083 598 1086 605 ’
1241 639 1291 690 ua

246 826 317 870 eum
352 807 393 869 P.
431 804 557 870 Curuae
591 803 764 872 udredr'eeet
805 817 833 870 et
874 805 967 870 aetati
996 815 1193 869 accusatores
1234 826 1295 870 uua

244 923 395 1002 Mutant,
422 932 589 1007 exemptum
615 945 725 988 nemea
753 933 798 986 eat
825 912 863 987 de
890 927 949 987 reia
972 919 1116 986 Cornelii.
1158 920 1298 988 Commii

244 1049 348 1103 autem
395 1059 507 1126 muqnu
553 1038 687 1122 defurme
731 1040 947 1125 flnqruuuuut
986 1036 1164 1104 uetudidr'eee
1203 1038 1294 1102 ellur-

244 1158 316 1218 tr‘um
344 1177 459 1240 meque
491 1158 634 1242 peeuaiu.
690 1165 724 1222 at
763 1155 913 1244 sequenti
940 1175 1033 1224 anno
1068 1153 1186 1232 689Ιῶ
1215 1151 1294 1219 Our-

131 1343 132 1348 γ
245 1270 349 1336 nelina
375 1269 492 1337 iterum
525 1293 545 1335 a
575 1271 613 1337 P.
638 1267 787 1338 Cominio
821 1292 931 1338 ceram
953 1268 993 1351 Q.
1016 1269 1123 1338 Gallio
1145 1277 1295 1358 praetore

244 1386 390 1454 eiusdem
418 1386 559 1454 oriminis
580 1396 749 1454 aecusatus
770 1399 837 1472 eu,
866 1388 923 1454 aed
944 1410 965 1452 a
987 1385 1145 1455 Cicerone
1166 1387 1293 1474 quadri·

244 1503 310 1571 duo
329 1505 463 1594 egregie
478 1503 628 1571 defeuaua
649 1505 816 1572 sententiis
837 1505 935 1591 leuge
957 1503 1105 1593 plurimis
1125 1504 1293 1570 absolutus

245 1631 303 1688 eat
345 1620 457 1688 iamai
478 1642 607 1688 earmen
625 1640 702 1688 cvra
722 1621 907 1688 adcuratiue
921 1621 1174 1707 consideramus,
1194 1620 1294 1686 maui-

244 1739 363 1805 feetum
397 1747 446 1806 eet
479 1736 664 1806 Cominium
705 1738 740 1804 in
772 1737 886 1825 primis
921 1739 1055 1826 linguae
1086 1739 1294 1827 procacitatis

244 1877 358 1922 uauaua
372 1851 502 1921 Catulle
524 1854 671 1921 odiosum
690 1854 799 1920 fuisse.
841 1878 917 1920 nam
939 1852 1087 1921 Catullus
1107 1855 1154 1922 ait
1172 1856 1293 1943 popule

245 1972 402 2054 Romano,
422 1970 449 2036 ai
464 1968 647 2037 Cominium
669 1993 779 2037 aenam
794 1966 992 2067 ‘sperantum
1004 1971 1129 2059 inpuris
1142 1966 1296 2039 moribuu'

245 2088 345 2177 digna
364 2098 469 2156 morte
483 2088 622 2155 adficere
636 2089 756 2172 liceret,
778 2087 973 2176 placiturum
992 2110 1063 2154 eree
1081 2089 1221 2175 primum
1235 2087 1293 2154 lin·

244 2229 343 2294 guam
358 2204 426 2273 eiua
440 2206 533 2272 bouis
554 2205 716 2273 inimicum
731 2214 879 2272 exectum
893 2206 991 2271 auido
1005 2177 1125 2271 uulturi
1139 2204 1292 2293 proicere,

245 2322 360 2391 deiude
381 2333 505 2389 eetereu
527 2323 671 2409 corporis
698 2334 806 2410 partes
835 2322 1045 2409 membraque
1073 2322 1201 2388 diuulsa
1222 2321 1293 2388 aliie

246 2440 355 2507 bestiis
376 2440 522 2507 uerenda
542 2439 677 2506 trudere.
719 2461 802 2530 quae
835 2461 933 2528 quam
959 2440 1042 2506 bene
1069 2440 1103 2505 in
1129 2448 1292 2506 aeeueato·

243 2579 313 2626 rem
341 2557 554 2640 inuidiosum,
587 2557 639 2623 eui
668 2578 741 2622 aure
769 2555 898 2623 dieeudi
924 2578 1028 2645 genua
1056 2555 1157 2623 iniere
1179 2553 1295 2637 (liuere

244 2675 399 2743 iudicauit
411 2725 422 2760 ,
457 2674 617 2763 quadrent
648 2673 754 2761 quiuis
785 2674 955 2762 intellegit.
1016 2685 1186 2763 praeterea
1220 2695 1294 2740 eum

243 2814 295 2861 ree
321 2793 485 2859 huminum
518 2792 718 2881 priuatorum
749 2800 890 2859 traetme
921 2792 1032 2880 eirque
1064 2814 1100 2859 ae
1131 2792 1217 2858 ultre
1247 2792 1294 2857 iu·

153 2968 158 2977 .
242 2911 380 2978 miseere
400 2907 520 2979 Catulli
543 2932 614 2977 mor
639 2932 704 2975 uon
731 2909 845 2993 tuerit,
872 2918 987 2977 eontra
1017 2909 1045 2975 ei
1072 2906 1144 2998 quie
1172 2917 1230 2976 aut
1257 2930 1293 2975 ee

242 3026 349 3116 iprum
369 3039 426 3095 aut
445 3025 648 3095 ribiamioos
669 3024 894 3109 lueeeuiuerat,
917 3024 1110 3092 acerrimum
1130 3026 1164 3092 in
1185 3025 1293 3093 defen·

242 3144 350 3213 dendo
372 3144 440 3212 uiue
458 3144 668 3233 iupuguundo
690 3165 726 3209 se
745 3142 951 3232 praebuerit,
982 3152 1110 3209 tuntum
1137 3144 1228 3211 abeat
1255 3151 1293 3208 ut

242 3273 340 3351 poeta
368 3262 401 3327 iu
431 3262 620 3329 uniuersum
642 3260 781 3329 Cominii
808 3260 1020 3349 petulantiam
1048 3258 1180 3347 linguae
1200 3257 1292 3325 aeeti-

244 3402 324 3467 gare
355 3380 494 3450 uoluerit
505 3429 515 3465 ‚
550 3386 587 3445 ut
617 3378 686 3444 eine
716 3377 781 3443 ulla
814 3376 1014 3444 dubitatione
1044 3375 1186 3443 earmina
1215 3393 1291 3443 curu

241 3496 395 3565 iniuriam
416 3497 578 3585 quandam
600 3494 785 3564 aOominio
807 3504 864 3561 aut
884 3494 946 3561 eibi
967 3504 1024 3559 aut
1043 3492 1139 3559 alieni
1160 3514 1292 3559 auorum

244 3614 419 3681 amicornm
445 3614 578 3681 inlatam
608 3614 695 3679 ultus
723 3614 775 3678 eit.
817 3613 943 3701 itaque,
965 3622 1001 3678 ut
1021 3610 1163 3677 breuiter
1184 3619 1217 3675 et
1238 3632 1292 3676 au·

243 3733 355 3799 dautur
378 3754 460 3821 quae
481 3732 584 3799 sentio
607 3731 711 3797 diuam
735 3729 880 3818 (quande
896 3728 1026 3819 quidem
1039 3726 1074 3792 in
1087 3726 1136 3794 hie
1151 3727 1292 3795 tenebris

242 3850 333 3919 loeus
364 3850 461 3916 etiam
493 3846 659 3915 audaciori
690 3856 724 3913 et
756 3843 970 3913 artificiosiori
999 3842 1203 3911 coniecturae
1234 3845 1292 3910 uix

242 3966 483 4054 denegabitur),
505 3963 654 4051 equidem
676 3963 800 4030 conicio
823 3972 950 4049 poetam
966 3960 1188 4027 Veroneneem
1205 3983 1290 4027 anno

243 4084 377 4163 689165,
404 4104 469 4171 quo
501 4104 619 4150 anuum
647 4081 839 4169 uigeaimum
861 4080 997 4145 alterum
1018 4080 1134 4146 aetalia
1163 4078 1291 4166 agebat,

244 4201 449 4270 eeeuuatione
472 4200 513 4269 G.
530 4197 674 4267 Cornelii
694 4218 752 4285 per
766 4198 802 4263 P.
818 4195 1000 4263 Cominium
1014 4194 1161 4263 institute
1174 4195 1292 4263 iratum
