3342 5200
449 689 498 742 lte
726 687 760 740 vl
794 687 843 739 DE
861 685 1041 738 auossruvs
1058 685 1212 739 cervum

446 877 505 921 sua
538 861 571 919 et
602 853 771 920 uoluntate
805 874 966 941 propensa
997 851 1156 940 pollicitus
1187 861 1257 917 erat
1288 850 1381 938 quasi
1414 871 1490 917 uera

447 972 594 1058 accipere
625 993 660 1036 se
681 973 810 1037 simulet
838 980 870 1036 et
891 970 925 1034 id
947 991 1046 1057 agere
1066 969 1214 1058 uideatur
1241 966 1360 1033 utiam
1386 969 1490 1033 nescio

448 1089 526 1176 quid
554 1088 664 1176 magni
695 1097 732 1154 et
758 1087 891 1176 periculi
919 1088 1066 1176 plenum,
1102 1086 1209 1174 qualia
1233 1095 1322 1168 tum,
1357 1109 1431 1150 cum
1461 1086 1490 1150 in
1587 1165 1588 1171 ἵ

446 1206 636 1292 regionibus
658 1204 771 1292 inperii
787 1204 927 1270 Romani
943 1213 976 1270 et
989 1203 1213 1270 diuersissimis
1226 1213 1259 1268 et
1272 1202 1491 1268 remotissimis
1587 1176 1588 1185 i

446 1323 534 1389 bella
555 1333 611 1389 aut
632 1331 824 1410 gererentur
845 1331 901 1387 aut
914 1332 1117 1410 pararentur,
1136 1321 1341 1409 cupientibus
1362 1319 1494 1386 adfatim

445 1439 656 1527 prostabant,
697 1441 737 1506 ab
770 1439 880 1505 amicis
911 1438 974 1504 illis
1011 1460 1233 1526 quaecumque
1263 1460 1372 1503 secum
1404 1437 1494 1505 adire

445 1555 661 1645 paratissimis
682 1557 865 1644 expostulet
887 1583 894 1619 ε
917 1555 1025 1622 subito
1047 1576 1125 1621 uero
1147 1564 1244 1643 poete
1264 1576 1376 1620 ueram
1396 1554 1494 1619 animi
1587 1568 1588 1603 l

446 1675 645 1741 sententiam
683 1696 875 1761 expromens
906 1696 972 1740 non
1003 1682 1069 1741 tam
1101 1674 1142 1740 ad
1172 1695 1241 1738 rem
1271 1694 1426 1758 magnam
1463 1680 1494 1736 et

444 1791 672 1873 honorificam,
711 1791 763 1856 cui
798 1790 1073 1857 administrandae
1117 1788 1301 1856 homunculi
1340 1788 1393 1855 isti
1434 1810 1496 1854 nec

444 1909 553 1975 idonei
584 1931 644 1976 nec
676 1909 767 1994 digni
798 1917 893 1974 erant
900 1957 909 1989 ,
945 1931 1001 1974 eos
1022 1916 1137 1974 euocat
1158 1929 1254 1995 quam
1276 1907 1323 1972 eie
1345 1907 1493 1971 nuntium
1587 1988 1588 1995 ἵ

442 2049 544 2114 paene
573 2025 822 2112 ignominiosum
849 2024 1002 2109 Clodiae,
1043 2023 1166 2090 mulieri
1195 2023 1493 2112 inpudentissimae,

446 2143 655 2211 deferendum
677 2145 808 2212 tradit:
831 2145 924 2234 quasi
945 2143 1071 2209 mulieri
1098 2142 1242 2230 perfidae
1268 2163 1327 2228 per
1353 2140 1496 2229 perfidos

446 2260 592 2327 homines
619 2262 814 2348 respondere
839 2261 987 2328 uoluerit.
1031 2258 1205 2345 Reliquum
1226 2268 1276 2323 est
1300 2267 1337 2324 ut
1361 2258 1496 2324 inuesti-

446 2397 560 2462 gemus
603 2397 667 2463 quo
702 2385 847 2462 tempore
882 2375 1030 2442 Catullus
1058 2377 1202 2443 carmina
1230 2375 1272 2441 ad
1307 2377 1529 2442 quentium·
1587 2458 1588 2465 ἵ

446 2492 533 2558 etin
556 2491 690 2558 Furium
712 2501 745 2558 et
760 2491 928 2558 Aurelium
949 2493 1123 2580 scripserit.
1164 2492 1231 2559 iam
1251 2490 1278 2559 si
1299 2493 1405 2558 obiter
1426 2516 1496 2558 rem
1587 2480 1588 2517 ³

446 2611 698 2693 consideramus,
720 2612 791 2676 ueri
812 2612 1008 2677 simillimum
1028 2633 1099 2677 esse
1120 2611 1249 2677 uidetur
1268 2610 1456 2676 quentium
1478 2635 1498 2677 a
1587 2681 1588 2684 ,

447 2727 577 2796 Catullo
598 2733 672 2815 post
686 2729 839 2795 Lesbiam
854 2728 949 2793 simili
969 2728 1095 2795 ratione
1109 2740 1207 2817 atque
1223 2728 1409 2795 Marathum
1422 2738 1498 2815 post

447 2847 575 2912 Deliam
586 2868 605 2911 a
617 2846 747 2911 Tibullo
756 2854 901 2912 amatum
915 2866 996 2930 esse,
1007 2845 1145 2935 ideoque
1162 2868 1303 2912 amorem
1318 2845 1406 2911 hunc
1420 2856 1499 2933 post

446 2965 509 3030 iter
525 2964 735 3053 Bithynicum
753 2963 852 3029 fuisse
871 2975 905 3029 et
923 2963 993 3030 fere
1013 2965 1048 3029 in
1069 2986 1189 3029 annum
1203 2963 1319 3041 698156
1332 2962 1497 3031 incidisse.

445 3081 525 3147 haec
547 3082 732 3149 adcuratius
754 3082 853 3147 etiam
875 3082 1087 3147 demonstrari
1108 3090 1262 3167 possunt,
1297 3081 1376 3146 dum
1395 3082 1498 3148 modo

445 3206 621 3282 teneamus,
644 3200 677 3264 id
692 3199 780 3285 quod
795 3199 925 3264 omnino
940 3198 1114 3264 tenendum
1131 3207 1188 3280 est,
1206 3208 1238 3264 et
1252 3198 1397 3264 carmina
1411 3224 1500 3287 quae

444 3314 477 3379 in
499 3315 636 3381 Furium
658 3326 692 3382 et
712 3316 879 3381 Aurelium
911 3324 944 3381 et
968 3314 1110 3382 carmina
1137 3338 1220 3403 quae
1248 3318 1283 3381 in
1307 3315 1500 3384 quentium

446 3429 594 3499 Catullus
622 3432 751 3521 scripsit
782 3454 847 3498 uno
875 3432 1054 3522 eodemque
1082 3442 1230 3521 tempore
1251 3436 1371 3522 scripta
1393 3457 1497 3501 esse:

444 3572 520 3615 nam
544 3572 585 3614 ex
602 3549 745 3616 carmine
760 3572 814 3616 xvi
835 3532 883 3637 (in
897 3573 962 3638 quo
977 3574 997 3615 a
1012 3550 1112 3617 Furio
1128 3560 1160 3616 et
1173 3551 1318 3635 Aurelio,
1341 3553 1500 3639 quoniam

446 3665 595 3733 carminis
610 3665 694 3732 illius
719 3669 877 3752 l'aircmur,
894 3692 964 3733 mec
978 3668 1107 3752 Lesbiis,
1128 3682 1217 3755 atque
1230 3692 1369 3734 amoinus
1382 3692 1501 3737 caussa

445 3784 677 3850 contumeliosa
698 3784 738 3849 de
759 3806 795 3850 se
816 3783 988 3867 dixissent,
1019 3806 1143 3873 poenas
1164 3786 1370 3871 grauissimas
1391 3809 1426 3852 se
1447 3811 1500 3854 re-

443 3900 621 3988 petiturum
642 3922 713 3966 esse
731 3899 880 3968 Catullus
894 3902 1033 3968 minatus
1048 3902 1112 3987 est)
1125 3902 1311 3967 quentium
1325 3926 1345 3968 a
1363 3902 1499 3971 Catullo

445 4027 519 4105 post
540 4016 693 4083 Lesbiam
720 4028 864 4084 amatum
892 4040 963 4083 esse
991 4017 1128 4107 adparet
1157 4042 1165 4083 τ
1194 4042 1335 4108 namque
1363 4043 1499 4089 carmen

444 4132 521 4199 illud
551 4155 573 4198 v
603 4134 766 4216 Catullus,
797 4157 871 4201 cum
891 4134 1045 4202 Lesbiam
1073 4139 1218 4220 amabat,
1253 4138 1410 4225 scripsit:
1432 4162 1499 4205 nec

444 4259 553 4317 tamen
576 4252 745 4341 quisquam
767 4253 894 4339 putabit
908 4251 1070 4320 Catullum
1092 4254 1189 4319 simul
1210 4252 1365 4319 Lesbiam
1386 4265 1420 4321 et
1440 4256 1499 4321 Iu·
