3342 5200
631 636 841 689 rssoonmvrr
1254 640 1271 689 d

221 803 406 891 diligentior
424 813 457 867 et
478 802 611 890 peritior
632 802 747 885 fuerit,
769 804 919 889 exempla
939 802 1006 884 illa,
1027 803 1146 890 quibus
1172 802 1273 869 Lach-

220 920 331 986 manni
352 919 513 985 inscitiam
534 920 663 1006 legendi
683 920 738 985 ille
758 920 897 1007 probare
918 919 1038 1002 uoluit,
1059 919 1166 1006 ipsum
1186 919 1273 985 codi-

221 1059 291 1101 cem
321 1038 486 1101 Datanum
518 1036 642 1101 intenta
676 1036 844 1101 oculorum
874 1035 945 1101 scie
968 1035 1169 1123 perlustrans
1198 1056 1273 1101 exa·

219 1153 350 1219 minaui.
394 1152 531 1234 etenim,
559 1162 594 1217 ut
621 1174 685 1217 non
715 1152 821 1216 nullos
843 1150 1021 1216 Froelrneri
1049 1172 1175 1217 errores
1202 1173 1273 1238 pro·

219 1270 322 1335 feram
333 1316 342 1349 ,
365 1268 420 1353 qui
443 1290 507 1355 quo
529 1266 649 1333 maiore
671 1267 840 1355 diligentia
859 1266 1088 1333 Lachmsnnna
1108 1290 1187 1334 uera
1207 1269 1273 1335 iam

219 1385 344 1473 pridem
358 1385 483 1471 legerat
494 1406 532 1449 eo
545 1386 693 1451 acerbius
705 1383 962 1472 reprehendendi
977 1395 1061 1465 aunt,
1074 1384 1108 1449 in
1122 1383 1273 1450 carminis

220 1522 313 1567 nxnn
329 1523 425 1565 uersu
438 1501 478 1565 10
489 1501 665 1565 rectissime
678 1501 822 1566 sehabet
831 1502 935 1587 pineo,
947 1501 1033 1588 qnod
1044 1501 1273 1568 Lachmannua

220 1616 388 1684 enotanit:
408 1616 613 1681 Froehnerus
628 1627 813 1683 correctura
831 1640 946 1683 manna
960 1618 1147 1705 posterioria
1160 1618 1271 1684 seduci

219 1756 254 1799 se
276 1756 390 1822 passus
412 1744 469 1799 est.
512 1756 618 1822 neque
641 1734 732 1799 aliter
749 1734 783 1799 in
797 1757 894 1799 uersu
908 1733 1193 1821 duodetrigesimo‚
1215 1737 1270 1802 nbi

220 1851 447 1915 Lachmannus
480 1850 589 1915 manui
625 1850 748 1937 primae
782 1852 953 1917 lectionem
985 1866 1135 1938 separans
1176 1852 1271 1917 unice

219 1980 308 2034 recte
330 1966 485 2034 attribuit
530 1967 641 2033 eodem
667 1967 761 2033 modo
783 1966 1011 2033 Lachmannns
1031 1970 1064 2033 in
1086 1990 1183 2032 uersu
1203 1990 1270 2035 uno

217 2098 251 2151 et
282 2085 451 2173 trigesimo
480 2096 579 2170 optato
603 2085 705 2149 multo
727 2085 849 2150 rectius
869 2106 967 2171 qnam
988 2084 1194 2151 Froelrnerus
1214 2110 1269 2171 op-

217 2215 298 2268 tatae
319 2203 407 2289 legit.
453 2203 528 2267 item
557 2202 588 2265 in
617 2222 713 2267 uersu
744 2200 909 2287 trigesimo
931 2211 1024 2267 sexto
1047 2201 1151 2267 codex
1171 2202 1269 2267 habet

218 2318 250 2383 id
279 2319 366 2405 quod
387 2316 615 2383 Lachmannus
646 2317 770 2383 rettulit
797 2319 971 2400 αἰοσνῖεω,
1004 2340 1070 2383 non
1090 2316 1268 2383 Froehneri

216 2437 377 2501 olocrisao
392 2458 400 2499 r
416 2434 533 2499 deinde
552 2432 585 2498 in
608 2458 704 2500 uersu
727 2436 931 2521 sexagesimo
952 2445 1048 2500 sexto
1062 2435 1269 2501 Froehnerns

216 2552 249 2618 in
271 2552 401 2618 Detano
422 2561 521 2638 negat
543 2550 669 2638 delapso
691 2562 819 2635 extare,
849 2550 950 2617 nihilo
975 2552 1082 2617 minus
1111 2552 1192 2618 baec
1220 2562 1271 2619 est

217 2693 332 2736 menos
359 2668 482 2756 primae
509 2670 684 2756 scriptura,
715 2691 798 2756 quae
820 2670 1064 2736 Lachmannum
1090 2691 1156 2734 non
1176 2671 1268 2756 sugit.

215 2787 293 2854 item
323 2786 357 2851 in
387 2807 482 2850 uersu
508 2784 708 2872 octogesimo
738 2785 965 2852 Lachmannur
991 2788 1122 2852 Datano
1152 2786 1270 2852 rectius

215 2906 329 2969 incerta
342 2924 440 2989 quam
456 2901 661 2967 Froehncrus
682 2927 790 2968 moena
813 2903 1002 2991 adsignauit
1022 2927 1030 2969 ε
1052 2904 1198 2968 similiter
1217 2903 1269 2968 hic

214 3021 338 3087 errauit
366 3018 398 3084 in
428 3041 526 3084 uersu
560 3021 735 3085 centesimo
767 3043 855 3086 nono
866 3070 876 3103 ,
908 3043 982 3086 cum
1013 3043 1073 3108 pro
1107 3021 1269 3088 uocabulo

214 3139 372 3218 mmimirc,
405 3158 502 3223 quam
528 3159 641 3202 manns
671 3136 793 3223 primae
822 3138 1012 3226 scripturam
1041 3136 1269 3203 Lachmannna

216 3255 339 3342 optime
358 3253 525 3340 adgnonit,
548 3253 631 3319 dixit
653 3254 685 3318 in
707 3255 819 3319 codice
840 3275 861 3318 a
880 3254 986 3342 prima
998 3275 1069 3319 ease
1083 3275 1181 3320 manu
1202 3276 1268 3319 cam

215 3373 288 3436 ciac.
330 3372 409 3436 item
424 3369 654 3437 Lachmannus
674 3371 707 3435 in
729 3394 826 3437 uersu
847 3373 1021 3438 centesimo
1035 3372 1161 3438 decimo
1176 3381 1268 3438 sexto

214 3490 311 3574 planci
336 3488 500 3554 uerissime
530 3489 612 3584 legit
639 3511 704 3576 non
734 3490 888 3576 deceptus
917 3499 954 3554 ut
975 3490 1180 3555 Froehnerus
1201 3511 1269 3555 cor·

216 3615 346 3671 rectura
360 3605 508 3692 quedem.
544 3606 623 3670 item
643 3605 674 3670 in
692 3629 788 3670 uersu
803 3603 979 3671 centesimo
994 3604 1149 3694 nigesimo
1163 3607 1270 3694 prima

215 3745 330 3788 manns
349 3734 488 3808 portaret
508 3721 645 3810 scripsit,
667 3733 704 3788 ut
721 3721 951 3790 Lachmannus
968 3725 1133 3790 cnotcuit:
1149 3723 1269 3789 Froeh·

215 3861 314 3903 nerus
343 3848 449 3904 autem
479 3861 567 3906 more
596 3840 690 3906 solito
721 3861 863 3905 errorem
891 3839 1058 3906 commisit.
1109 3840 1186 3906 item
1213 3839 1268 3907 ille

214 3978 246 4042 p.
269 3955 333 4020 568
355 3954 476 4020 errauit
497 3955 654 4021 incertum
675 3979 746 4022 esec
768 3956 877 4022 dicens
891 3979 968 4022 num
984 3958 1017 4022 in
1032 3957 1164 4022 Datnno
1184 3956 1269 4021 123

213 4095 365 4158 posquam
380 4071 533 4160 scriptum
555 4073 597 4138 sit
618 4099 626 4140 :
647 4074 728 4138 haec
745 4073 829 4139 enim
851 4074 957 4157 lectio,
979 4097 1077 4162 quam
1092 4073 1269 4140 Lachman-

215 4211 277 4255 nns
298 4191 487 4277 descripsit,
517 4191 695 4258 certissima
717 4201 774 4258 est
817 4213 925 4280 neque
944 4192 1051 4258 minus
1072 4189 1161 4256 illum
1183 4189 1269 4254 oculi
