3342 5200
315 673 365 724 220
518 669 596 722 VIIII
629 670 677 720 Dll
696 668 854 721 CAESARE
871 666 1160 721 ercammarus

311 835 431 902 Publio
454 834 569 903 Clodio
591 838 712 923 nupsit,
733 844 846 924 postea
861 834 976 904 Clodio
997 858 1026 901 a.
1048 834 1080 900 d.
1100 838 1154 901 xui
1174 833 1239 900 kal.
1263 834 1359 900 Febr.

312 953 388 1019 anni
410 953 527 1029 toalea
554 952 660 1018 occiso
690 976 709 1018 a
731 952 772 1020 G.
803 950 973 1019 Scribonio
1003 950 1145 1017 Curione
1172 949 1273 1017 ducta
1300 960 1360 1034 est,

311 1069 450 1158 denique
471 1078 699 1157 posteaquam
721 1067 820 1136 (lurio
841 1067 875 1133 in
898 1067 1012 1133 Africa
1032 1089 1117 1132 anno
1141 1068 1258 1144 705s49
1278 1089 1361 1133 mor·

311 1196 378 1252 tem
397 1187 564 1275 oppetiuit,
587 1207 671 1251 anno
694 1186 810 1262 708l46
831 1208 903 1250 cum
926 1184 970 1249 M.
990 1183 1133 1250 Antonio
1154 1183 1361 1251 matrimonio

312 1303 494 1387 seiunxit,
520 1303 554 1368 in
582 1324 647 1390 quo
670 1324 754 1368 anno
776 1302 894 1379 714140
915 1311 1044 1368 mortua
1065 1291 1122 1367 est.
1164 1324 1203 1368 ac
1224 1324 1266 1367 ne
1288 1302 1361 1391 quis

311 1420 406 1485 nobis
438 1429 580 1507 opponat
606 1417 740 1484 Fuluiae
772 1440 878 1483 mores
907 1441 927 1482 a
953 1417 1140 1483 libidinibus
1169 1418 1361 1485 exercendis

310 1536 440 1622 longius
469 1535 588 1602 afuisse
616 1556 714 1622 quam
748 1544 784 1601 ut
816 1535 864 1599 illi
893 1557 992 1601 cenae
1022 1558 1091 1600 eam
1121 1535 1261 1601 adfuisse
1290 1534 1362 1601 ueri

311 1653 413 1719 simile
447 1652 505 1735 sit,
536 1652 577 1719 ad
611 1651 785 1720 Octauiani
811 1652 955 1739 Augusti
988 1653 1186 1740 epigramma
1215 1653 1361 1717 animum

311 1792 421 1836 eorum
440 1771 495 1856 qui
509 1771 622 1856 legent
636 1767 803 1835 attendere
819 1770 897 1834 satis
912 1769 1076 1852 habemus,
1097 1767 1183 1855 quod
1200 1766 1361 1835 Martialis

310 1887 534 1975 epigrammati
555 1908 613 1952 suo
635 1886 793 1972 uigesimo
814 1885 888 1951 libri
910 1908 942 1951 xi
963 1884 1107 1951 inseruit.

375 2046 463 2125 Quod
473 2044 578 2131 futuit
599 2047 783 2131 Glaphyran
803 2045 970 2127 Antonius,
994 2044 1074 2108 lune
1095 2043 1173 2109 miti
1187 2068 1319 2130 menum

390 2166 394 2174 ’
459 2164 578 2228 Fuluia
598 2163 753 2241 ccnsdwit,
773 2186 804 2226 se
825 2184 942 2248 quoque
962 2162 1011 2225 uti
1027 2160 1160 2245 futuam.

371 2278 513 2344 Fulus'erm
537 2302 590 2366 epo
611 2292 643 2343 ut
661 2278 813 2363 futuram?
844 2280 920 2365 quid
938 2283 967 2343 si
985 2301 1034 2343 me
1054 2277 1183 2342 Manius
1204 2288 1268 2343 oret

457 2395 610 2482 pedt‘eem,
624 2395 782 2481 faciam?
822 2419 883 2461 aon
901 2408 983 2480 puto,
1004 2396 1037 2460 εἰ
1054 2395 1184 2479 sapiam.

371 2506 445 2576 ‘Aut
455 2512 549 2600 fatue
570 2526 624 2577 aut
641 2506 823 2600 pupncmua’
843 2516 893 2576 ait.
935 2511 1014 2600 quid
1034 2510 1116 2598 quod
1136 2511 1217 2578 mihi
1235 2513 1303 2578 uita

458 2635 557 2694 carior
578 2644 620 2695 est
639 2636 704 2717 ursa
726 2630 889 2695 mentula?
930 2631 1023 2718 siqua
1044 2641 1161 2695 canunt.

310 2797 375 2862 iam
395 2795 469 2861 uide
490 2818 589 2882 quam
610 2796 693 2861 bene
717 2796 757 2861 de
779 2797 921 2861 carmine
939 2795 1123 2862 Catulliana
1139 2792 1248 2860 omnia
1268 2817 1360 2861 cons·

310 2912 426 3000 pirent.
483 2913 634 2980 Catullus
661 2934 745 2977 anno
768 2913 886 2991 699l55
915 2913 956 2979 de
987 2911 1153 2979 adulteriis
1178 2912 1360 2978 innumera·

309 3028 426 3096 bilibus
453 3030 596 3095 eiusdem
616 3029 743 3097 Muciae
771 3031 916 3116 queritur
942 3053 1025 3118 quae
1046 3030 1150 3095 tribus
1172 3029 1265 3094 annis
1286 3039 1361 3118 post

310 3168 393 3212 anno
425 3146 543 3224 toalea
575 3146 653 3211 illud
686 3146 845 3234 flagitium
856 3196 866 3229 ‚
896 3148 983 3235 quod
1016 3147 1164 3213 Valerius
1195 3145 1360 3213 Maximus

309 3261 462 3347 narrauit,
485 3264 705 3330 foedissimum
727 3264 795 3329 sine
815 3265 935 3329 rubere
957 3264 1127 3329 commisit.
1193 3270 1198 3280 '

392 3405 566 3493 Reliquum
596 3416 644 3472 est
666 3415 702 3472 ut
730 3405 857 3472 deuna
879 3427 914 3470 re
933 3428 1037 3494 pauca
1058 3404 1225 3472 addamus.
1263 3429 1361 3494 supra

310 3522 395 3588 enim
423 3523 502 3588 duos
529 3523 601 3588 illos
621 3522 751 3589 Muciae
781 3523 960 3601 adulteros,
996 3545 1133 3611 quorum
1161 3523 1360 3588 mentionem

310 3638 454 3705 Catullus
475 3641 562 3723 feeit,
584 3641 755 3707 Caesarem
770 3651 802 3707 et
817 3641 1015 3707 Mamurram
1035 3640 1134 3706 fuisse
1152 3641 1360 3708 coniecimus.

309 3766 477 3843 praeterea
505 3781 547 3823 ex
575 3780 670 3823 uersu
700 3758 843 3825 secundo
864 3758 960 3845 facto
987 3759 1107 3824 consule
1131 3763 1361 3824 naucularum

311 3895 440 3938 carmen
472 3893 548 3940 cxur
581 3897 665 3940 anno
697 3876 815 3954 caelet>
848 3876 1004 3965 scriptum
1038 3897 1108 3942 esse
1136 3875 1251 3961 patuit.
1303 3875 1359 3942 sed

310 3987 388 4076 quid
420 3999 489 4055 tum
515 3989 556 4055 de
583 4013 678 4058 uersu
707 3992 803 4058 tertio
831 3993 906 4075 fiet,
939 3992 1029 4057 cuius
1059 3990 1186 4057 initium
1218 3993 1281 4058 hoc
1312 4002 1361 4059 est

310 4117 485 4171 manserunt
498 4106 568 4190 duo,
583 4128 666 4194 quae
676 4108 844 4187 uocabula,
861 4133 936 4174 cum
950 4131 1081 4174 sensum
1094 4109 1194 4173 totius
1210 4111 1361 4176 carminis

311 4222 414 4288 obiter
435 4245 535 4311 supra
552 4226 761 4312 respeximus,
776 4228 823 4292 ita
836 4226 904 4294 fere
918 4226 1164 4314 interpretanda
1177 4226 1249 4293 uisa
1263 4238 1361 4294 sunt:
