3342 5200
439 613 465 666 X
498 615 546 668 DE
564 614 745 670 vencnum
762 614 809 675 ET
825 614 988 666 FABVLLO
1190 617 1239 669 241

491 806 510 846 o
530 782 612 848 mcii
628 782 734 850 nautii
752 783 845 848 beati.

343 902 443 964 auam
463 909 489 964 tc
510 901 687 965 ineolumem
708 901 895 986 audiamque
916 898 1067 964 Hiberam

342 1027 519 1080 nauantem
540 1017 606 1082 loca
625 1015 716 1098 facta
735 1017 881 1097 muner,

342 1144 375 1196 ot
394 1155 456 1198 mos
475 1144 518 1196 art
537 1145 617 1210 taus,
639 1132 859 1219 adplicantque
881 1131 990 1196 oollam

342 1247 513 1313 iocandum
534 1273 569 1314 oo
589 1249 751 1336 oculosque
772 1248 951 1314 sociabor:

340 1377 522 1450 oquoutum
545 1377 587 1430 est
606 1365 761 1431 hominum
782 1364 964 1446 beatiorum,

340 1483 417 1568 qaid
435 1507 481 1546 me
502 1483 614 1548 laedas
635 1495 680 1548 eet
699 1483 881 1548 beatiam?

188 1659 303 1715 contra
324 1648 461 1716 Fabullo
483 1650 629 1716 redeunti
652 1659 750 1737 poeta
771 1670 900 1714 carmen
913 1671 967 1713 xur
984 1646 1113 1712 obuiam
1128 1648 1234 1713 misit:

187 1788 253 1852 quo
275 1766 317 1832 ad
339 1767 523 1854 epistulam,
552 1791 616 1855 qua
645 1768 766 1832 amicus
789 1767 874 1832 ultro
896 1774 929 1830 et
948 1766 1037 1852 prior
1060 1764 1234 1829 aduentum

187 1906 282 1948 suum
313 1883 527 1950 nuntiauisset
556 1892 589 1949 et
619 1883 791 1971 hospitium
819 1882 1037 1971 poposcisset,
1070 1880 1236 1947 Catullum

83 2047 84 2054 κ
185 2000 305 2066 festiue
338 2009 369 2066 et
398 2002 506 2066 iocose
537 1999 743 2087 respondisse
774 1999 969 2065 Franciscus
999 1999 1171 2064 Passouius
1202 1999 1235 2064 in

186 2115 383 2185 Secbodiani
410 2117 533 2200 horrei,
567 2116 654 2207 quod
682 2117 848 2182 nominare
870 2116 991 2199 solent,
1019 2126 1108 2181 tomo
1131 2140 1150 2180 u
1175 2115 1235 2180 180

185 2233 364 2300 rectissime
382 2233 552 2317 intellexit,
575 2233 664 2299 cuius
683 2234 876 2300 sententiam
891 2231 1077 2299 Ludouicus
1091 2231 1234 2298 Doeder-

83 2343 84 2400 Ῐ
183 2351 267 2417 linus
288 2350 323 2416 in
344 2337 517 2416 lectionum
534 2351 697 2416 uariarum
718 2351 831 2433 triade,
854 2372 951 2438 quum
962 2349 1126 2435 Erlangac
1148 2371 1233 2414 anno

185 2469 267 2534 1839
289 2467 403 2552 edidit,
431 2491 461 2556 p.
483 2468 504 2532 3
525 2468 736 2555 adprobauit,
767 2466 953 2554 inprobauit
985 2489 1098 2554 parum
1130 2467 1233 2532 eonsi-

183 2585 293 2652 derate
323 2585 502 2652 Immanuel
530 2584 717 2675 Huschkius
746 2585 967 2651 ‘analectorum
998 2584 1229 2651 litterariorum

182 2727 214 2792 p.
235 2704 307 2769 311.
343 2712 454 2790 aperte
472 2702 600 2792 quidem
616 2700 761 2769 Oattrllus
775 2700 948 2768 Fabullum
962 2701 1109 2768 alicunde
1122 2701 1228 2768 redire

181 2843 248 2886 non
270 2820 441 2908 eloquitur,
462 2818 581 2885 nedum
594 2841 636 2885 ex
650 2820 811 2907 Hispania
825 2819 946 2884 reuerti
966 2818 1093 2885 :nihilo
1113 2818 1230 2903 minus,

181 2949 339 3025 quantum
359 2960 444 3003 nunc
465 2936 607 3003 iudicare
628 2958 807 3024 possumus,
829 2936 1006 3002 Passouiua
1025 2946 1113 3002 reete
1134 2937 1230 3003 inter·
1288 2914 1289 2917 Ἴ

181 3064 328 3143 pretatus
350 3063 398 3119 est
417 3078 425 3120 :
445 3051 478 3118 in
500 3051 611 3140 primis
629 3075 744 3118 uersus
759 3054 893 3119 alterius
914 3054 1053 3119 formula
1073 3059 1103 3119 ai
1121 3055 1178 3119 tibi
1195 3057 1233 3119 di

178 3172 291 3255 fouent
315 3195 375 3237 nos
402 3171 444 3236 de
469 3171 593 3237 itineris
615 3168 782 3237 cuiusdam
802 3170 1074 3236 retardationibus
1096 3181 1128 3236 et
1150 3173 1227 3237 casi-

179 3289 241 3355 bus
269 3289 484 3375 periculisque
512 3286 685 3375 inprouisis
716 3286 862 3373 cogitare
887 3287 979 3374 quasi
1003 3286 1104 3354 iubet.
1147 3290 1226 3354 scite

178 3406 356 3472 Passouius
367 3405 457 3471 addit
468 3403 632 3472 Catullum
645 3404 679 3469 in
691 3426 788 3470 uersu
801 3404 904 3491 primo
919 3415 952 3469 et
966 3404 1108 3470 secundo
1125 3406 1227 3471 uerba

178 3523 249 3610 ipsa
271 3524 388 3611 quibus
409 3514 563 3588 Fabullus
589 3520 622 3587 in
645 3521 783 3608 epistula
803 3520 858 3585 ille
879 3543 955 3586 usus
977 3532 1061 3587 esset
1083 3522 1227 3608 tetigisse

180 3640 280 3707 uideri
302 3662 310 3703 ε
333 3661 528 3727 quamquam
549 3637 647 3702 fidem
664 3657 817 3717 uersuum
831 3636 969 3722 Fabulli,
992 3661 1073 3727 quos
1095 3662 1137 3704 ex
1157 3661 1227 3705 uer·

180 3758 227 3823 bis
250 3756 442 3825 Catullianis
462 3756 638 3822 Passouius
658 3754 839 3841 deglubere
860 3755 1038 3844 temptauit,
1059 3756 1175 3821 horum

378 3902 486 3964 amabo
508 3900 589 3981 bene,
611 3899 657 3963 mi
676 3898 802 3975 Catulle,
824 3901 911 3983 apud
929 3911 956 3962 te

375 4018 497 4102 paucis,
519 4018 551 4080 si
569 4014 645 4081 miti
661 4016 699 4080 di
715 4014 835 4098 fauent,
858 4015 963 4080 dietas

83 4188 84 4205 ¹
179 4177 343 4253 praestare
371 4166 456 4232 nolo.
499 4165 660 4231 Huschkii
689 4165 860 4253 explicatio
891 4188 988 4254 quam
1009 4166 1051 4232 sit
1070 4190 1226 4255 peruersa
