3342 5200
484 621 522 672 v1
556 621 605 674 DE
624 619 806 674 amoamvs
824 617 978 672 cervam
1213 625 1260 672 141

381 789 547 854 decoctoris
566 787 672 852 arnico
693 785 870 853 Formiani.

362 915 434 969 ·teo
452 905 620 990 1111111111
640 917 747 968 uomet
768 927 834 968 csse
855 904 995 969 bellam?

380 1031 471 1086 tecum
492 1021 606 1086 Lesbia
626 1031 734 1086 1111111
755 1024 977 1106 conparatur?

380 1160 399 1204 o
420 1138 556 1202 saeclum
576 1138 719 1224 inaps'em
739 1150 766 1202 ct
786 1137 965 1222 infacetum.

214 1375 384 1463 quaeritur
405 1397 469 1460 quo
491 1383 637 1462 tempore
657 1369 745 1439 illud'
757 1372 935 1439 carminum
953 1395 1014 1462 par
1032 1373 1188 1462 scriptum
1212 1374 1263 1440 sit.

213 1490 385 1558 Mamurra
405 1491 514 1577 igitur,
536 1493 686 1558 decoctor
700 1489 894 1558 Formianos
916 1491 972 1575 (cf.
986 1513 1098 1557 xxvun
1111 1491 1133 1556 3
1146 1510 1211 1556 nvn
1225 1491 1261 1577 4)

216 1632 291 1690 cum
314 1609 486 1693 Ametina,
518 1609 625 1697 puella
645 1609 702 1676 illa
729 1609 978 1696 Transpadana,
1010 1631 1080 1675 rem
1106 1609 1263 1676 babuerat

214 1727 269 1792 uel
291 1726 443 1793 habebat.
486 1727 541 1792 sed
563 1727 691 1815 quando
706 1726 880 1793 habebat?
925 1725 1123 1793 Mamurram
1144 1729 1263 1794 seimus

213 1843 290 1910 Iulii
325 1841 474 1910 Caesaris
507 1844 540 1909 in
572 1843 680 1911 Callia
708 1843 892 1932 Cisalpina,
931 1844 1021 1910 cuius
1057 1867 1134 1933 pars
1171 1845 1262 1932 regio

213 1959 454 2048 Transpadana
474 1961 544 2042 fuit,
570 1961 769 2048 praefectum
789 1960 917 2028 fabrum
938 1960 1036 2027 fnisse
1058 1961 1170 2047 (Plinii
1190 1962 1261 2028 hist

214 2087 324 2144 natur.
347 2101 449 2144 xxxvi
472 2079 492 2144 6
513 2078 569 2163 48)
590 2103 599 2143 1
621 2089 771 2167 prompta
791 2078 895 2166 igitur
915 2078 1100 2147 coniectura
1121 2089 1171 2144 est
1198 2079 1261 2145 illis

213 2197 418 2284 temporibus
441 2195 557 2284 quibus
575 2217 710 2261 munere
729 2196 784 2261 illo
804 2195 934 2262 functus
959 2205 1044 2262 esset
1064 2194 1261 2262 Mamurram

214 2335 290 2379 cnm
319 2314 473 2379 Ametina
508 2314 736 2379 commercium
765 2313 928 2402 quoddam
955 2313 1131 2380 instituisse
1153 2338 1161 2380 :
1182 2313 1261 2378 nibil

214 2441 328 2499 autem
361 2430 468 2497 obstat
506 2453 570 2518 quo
601 2431 706 2497 minus
742 2429 836 2496 simul
867 2453 940 2497 cum
972 2431 1112 2498 Caesare
1143 2432 1262 2497 mensis

214 2548 341 2637 Aprilis
369 2547 461 2615 initio
490 2547 658 2626 16961118
685 2547 884 2615 Mamurram
912 2547 945 2615 in
967 2547 1168 2638 prouinciam
1189 2571 1262 2638 pro-

213 2667 338 2732 fectum
360 2686 430 2731 esse
452 2686 649 2732 censeamus.
693 2678 789 2754 atque
811 2688 849 2733 eo
870 2666 941 2755 ipso
963 2665 1262 2746 111169615801-

213 2784 315 2851 tullus
337 2782 481 2850 carmina
500 2782 555 2849 illa
576 2784 742 2872 scripsisse
771 2783 909 2850 uidetur.
952 2808 1026 2851 nam
1048 2793 1122 2873 post
1143 2807 1262 2850 annum

92 2980 93 2987 ,
214 2902 303 2967 hanc
323 2900 477 2967 Lesbiam
497 2900 542 2967 ita
563 2911 599 2967 ut
620 2903 653 2967 in
676 2902 816 2967 carmine
843 2925 968 2967 xxxxru
990 2901 1067 2968 fecit
1087 2911 1183 2989 poeta
1205 2900 1262 2967 uix

92 3048 93 3101 1
215 3016 535 3085 commemorauisset
556 3020 686 3107 opinor,
716 3019 775 3085 etsi
795 3019 828 3085 in
849 3018 913 3085 hoc
934 3018 1074 3084 carmine
1094 3018 1195 3106 probe
1216 3018 1263 3083 in·

213 3137 338 3223 tellego
366 3159 431 3202 non
452 3148 520 3204 tam
543 3138 583 3202 de
603 3136 741 3202 Lesbiae
770 3137 929 3222 moribus,
962 3159 1042 3225 quos
1070 3145 1136 3201 tam
1165 3157 1262 3223 saepe

214 3263 315 3341 poeta
341 3253 564 3342 reprehendit,
597 3276 693 3342 quam
718 3253 758 3318 de
779 3252 996 3341 pulcritudine
1017 3251 1097 3319 nulli
1118 3253 1262 3319 dissimu-

214 3370 314 3437 landa
336 3392 515 3436 sermonem
538 3393 617 3437 esse.
660 3371 717 3437 sed
748 3372 824 3437 anni
844 3371 962 3451 696158
982 3381 1127 3459 tempora
1148 3370 1262 3437 amori·

215 3489 277 3555 bus
304 3496 421 3576 poetae
449 3488 556 3555 tristia
584 3512 622 3555 ac
652 3488 770 3567 dubia,
804 3489 922 3577 quibus
950 3488 1097 3557 Catullus
1125 3489 1199 3555 odio
1229 3496 1262 3554 et

215 3628 327 3671 amore
357 3605 420 3671 hue
446 3604 523 3671 illuc
551 3606 742 3691 iactaretur,
777 3606 929 3672 uidentur
955 3606 1119 3693 postulare
1146 3616 1183 3671 ut
1215 3607 1262 3670 eis

215 3724 270 3789 1111
293 3724 438 3788 carmina
451 3723 527 3788 bina
542 3723 750 3809 adsignemus
765 3749 772 3789 :
788 3734 825 3789 ut
837 3722 1044 3809 intellegatur
1057 3745 1122 3810 qua
1137 3722 1262 3791 ratione

213 3849 312 3929 poeta
329 3860 396 3905 non
411 3840 475 3906 iam
489 3838 584 3905 nimis
599 3838 737 3905 Lesbiae
754 3839 836 3905 fidus
851 3840 947 3906 modo
963 3839 1005 3906 ab
1021 3839 1173 3907 Ametina
1188 3862 1261 3907 con·

216 3958 360 4025 cubitum
390 3956 451 4023 sibi
479 3967 630 4047 expetere
651 3956 749 4022 modo
775 3958 910 4023 muliere
928 3957 990 4022 hac
1012 3968 1121 4046 spreta
1141 3958 1263 4024 amicae

216 4076 336 4142 ueteris
364 4076 552 4141 memoriam
578 4085 611 4142 et
632 4076 816 4164 exemplum
836 4074 871 4140 in
892 4074 1034 4140 animum
1053 4096 1208 4141 reuocare
1228 4083 1263 4141 et

92 4290 93 4293 Ἴ
216 4192 260 4260 illi
282 4214 445 4282 opponere
465 4193 616 4282 potuerit.
