3342 5200
379 623 431 675 884
463 619 540 672 xm!
564 619 613 672 DE
631 619 768 674 numo
784 619 979 684 uossoveuo
995 619 1043 672 uu
1059 621 1158 673 vium
1175 621 1432 676 Avuvucvumu

380 787 526 877 singulae
553 809 626 854 cum
655 788 755 874 stirpe
782 809 839 852 aus
859 785 956 852 etiem
977 787 1150 873 separatim
1172 788 1431 876 coniunguntur.

379 905 489 993 itaque
517 903 669 970 suffixum
698 925 740 968 uu
766 925 805 970 ou
832 903 936 969 solum
957 905 991 968 in
1010 905 1195 986 Αιιεψπ-εε,
1217 905 1251 970 in
1271 905 1432 972 Aue-cus

379 1021 483 1088 solum
504 1021 656 1088 suffixum
677 1047 711 1086 co
733 1030 919 1109 usurpatum
942 1030 991 1087 est
1012 1021 1068 1106 (cf.
1086 1022 1213 1086 Aua-ter
1232 1032 1266 1089 et
1291 1023 1431 1090 Tus-cua

378 1167 419 1196 =
445 1140 597 1204 liora-cus
617 1139 657 1206 cf.
680 1135 896 1224 lupo-quoi),
928 1137 1081 1203 suffixum
1107 1143 1135 1204 io
1163 1138 1311 1217 unicum,
1339 1142 1430 1227 quod

378 1277 475 1343 quam
489 1267 559 1323 arte
579 1277 651 1320 cnm
671 1254 899 1320 terminatione
919 1256 968 1320 eti)
988 1256 1022 1320 in
1043 1255 1211 1321 nominum
1231 1256 1429 1324 Latinorum

377 1373 569 1440 formatione
596 1372 802 1440 coniunctum
830 1373 930 1438 luerit
958 1372 1155 1439 Ritschelius
1188 1373 1243 1457 (de
1275 1375 1428 1461 sepulcro

379 1489 560 1574 Pariorum,
572 1489 709 1557 Bonnae
721 1489 817 1574 1863)
828 1490 1071 1574 demonstrauit,
1088 1491 1121 1556 in
1131 1490 1268 1556 Aur-ius
1279 1492 1427 1578 adparet,

380 1609 444 1674 dno
473 1605 592 1674 suffixa
615 1631 658 1673 sm
686 1617 719 1674 et
747 1631 783 1674 co
809 1607 844 1673 in
864 1609 1049 1690 Amucus,
1080 1608 1111 1673 ὼ
1141 1615 1175 1672 et
1202 1613 1231 1674 io
1250 1608 1429 1696 praemissa

379 1723 486 1791 uocali
507 1723 623 1812 copula
643 1723 676 1789 in
698 1725 868 1806 Aurelsus,
889 1723 954 1790 tria
974 1723 1115 1812 denique
1135 1723 1255 1789 suffixa
1273 1747 1316 1788 tus
1338 1734 1372 1790 et
1392 1747 1427 1790 co

379 1850 412 1906 et
437 1844 485 1906 elo
510 1841 545 1906 in
566 1843 761 1907 Aumeuccs'us
786 1850 909 1907 extant.
957 1840 1008 1906 his
1036 1842 1185 1908 omnibus
1212 1828 1456 1908 consideratis

379 1969 411 2024 et
452 1959 618 2046 perpensis
665 1957 825 2047 scriptura
867 1960 1078 2023 Aurunculeio
1118 1957 1329 2046 praeferende
1368 1959 1427 2023 uni

379 2074 496 2161 cuique
541 2073 714 2140 uidebitur.
777 2085 886 2140 tamen
933 2074 998 2143 hac
1044 2076 1234 2163 quaestione
1275 2075 1427 2142 absoluta

378 2191 585 2258 difficultates
614 2191 654 2258 de
681 2191 812 2259 nomine
843 2213 981 2278 aponsae
1006 2213 1072 2257 non
1105 2214 1215 2258 omnes
1242 2193 1427 2280 explicatae

378 2319 461 2375 sunt
504 2331 579 2376 nom
598 2331 671 2374 cum
693 2310 761 2376 solo
782 2308 912 2374 nomine
931 2308 1095 2398 gentilicio
1116 2309 1236 2397 patris,
1267 2308 1319 2374 oui
1348 2332 1426 2397 cog-

378 2447 495 2492 nomen
527 2435 697 2514 patenum
731 2428 836 2493 rarius
871 2426 1052 2510 addebant,
1087 2427 1225 2494 feminae
1257 2427 1426 2494 Romanae

377 2553 553 2626 uterentur,
574 2543 609 2609 in
630 2543 750 2632 duplici
771 2544 903 2611 nomine
916 2543 1080 2632 gentilicio
1094 2543 1212 2612 Viniae
1228 2545 1296 2612 siue
1310 2545 1425 2613 Iuniae

377 2662 617 2729 Aurunculeiae
638 2660 841 2728 offendimus.
875 2683 941 2748 qua
956 2660 1149 2728 difficultate
1167 2661 1331 2728 intellecta
1345 2660 1425 2729 Soa·

376 2780 469 2868 liger,
500 2780 553 2845 cui
573 2778 734 2845 Krebsius
762 2779 818 2863 (de
838 2778 957 2846 Catulli
983 2778 1125 2845 carmine
1153 2779 1288 2867 nuptiali
1310 2778 1426 2845 Manlii

376 2905 409 2963 et
429 2896 549 2980 Iuliae,
571 2894 687 2963 Gissae
710 2896 791 2961 1813
812 2920 842 2985 p.
867 2896 921 2981 15)
952 2906 985 2962 et
1013 2892 1160 2984 Silligius
1192 2896 1424 2982 adsentiuntur,

375 3034 493 3079 nomen
522 3014 661 3080 alterum
693 3012 868 3101 adoptione
899 3036 1050 3101 sponsam
1079 3024 1209 3081 nactam
1239 3036 1310 3081 esse
1340 3018 1426 3082 bene

375 3130 520 3197 coniecit.
564 3132 619 3219 qui
645 3130 730 3197 idem
752 3131 1009 3197 Aurunculeium
1028 3154 1049 3197 a
1069 3131 1167 3197 Vinio
1196 3131 1339 3218 quodam
1367 3132 1425 3197 ad-

375 3256 518 3333 optatam
546 3268 616 3312 esse
643 3248 762 3313 rectius
791 3249 905 3314 statuit
929 3270 1027 3336 quam
1048 3248 1207 3315 Krebsius
1230 3250 1360 3317 Vinium
1381 3250 1425 3315 eb

374 3364 593 3431 Aurunculeio
604 3336 791 3453 adoptatam
806 3388 878 3432 esse
892 3366 1073 3433 arbitratus.
1106 3390 1247 3455 namque
1263 3366 1424 3455 Scaligeri

374 3482 533 3549 sententia
541 3503 637 3549 uersu
647 3493 740 3548 sexto
749 3483 875 3550 decimo
884 3486 1006 3571 optime
1014 3483 1208 3553 defenditur.
1229 3494 1328 3572 poeta
1337 3486 1424 3551 enim

374 3597 504 3664 nomina
519 3601 630 3687 sponsi
647 3611 680 3666 et
700 3622 835 3688 sponsae
853 3602 991 3688 primum
1005 3602 1226 3690 adpellaturus
1238 3623 1279 3668 ea
1291 3603 1425 3669 nomina

375 3713 492 3798 quibus
522 3714 569 3782 illi
597 3716 723 3803 publice
752 3728 786 3783 et
813 3720 906 3807 quasi
941 3720 1072 3806 proprie
1106 3723 1281 3788 utebantur
1311 3720 1426 3787 debuit

374 3833 583 3916 pronuntiare
597 3856 605 3897 :
621 3856 759 3921 sponsae
773 3846 882 3901 autem
897 3857 1015 3903 nomen
1030 3836 1210 3923 pristinum,
1227 3860 1424 3925 quamquam

374 3947 606 4015 consuetudine
634 3952 782 4017 familiari
811 3954 947 4020 fortasse
973 3963 1136 4019 retentum
1162 3955 1219 4040 (cf.
1239 3955 1424 4022 Drumanni

374 4060 404 4125 h.
427 4062 468 4127 R.
489 4087 510 4129 n
531 4066 582 4131 44.
604 4068 667 4134 566
698 4092 739 4135 un
762 4068 822 4135 176
843 4094 866 4133 v
886 4071 961 4154 88),
994 4082 1103 4139 tamen
1134 4072 1169 4137 in
1203 4093 1264 4137 usu
1293 4072 1425 4159 publico

375 4175 532 4244 abolitum
559 4182 667 4267 priore
696 4186 767 4249 loco
798 4208 836 4250 co
870 4189 976 4253 minus
1007 4190 1175 4256 nominare
1204 4193 1329 4277 potuit,
1358 4213 1423 4278 qno
