3342 5200
433 689 507 741 vnn
542 689 590 742 Dll
607 688 766 741 CAESARE
784 689 830 740 ΕΤ
848 685 1080 740 causamme
1230 687 1279 738 lbb

238 857 361 947 perlida
381 857 534 946 deceptus
556 867 589 922 et
609 856 777 943 neglectus
799 864 899 939 esset,
929 863 1033 920 totum
1054 862 1279 943 occupauerat

237 975 294 1042 tali
322 975 356 1040 in
387 975 460 1042 odio
489 972 693 1042 acerbissimo
723 970 868 1040 Catullus
894 969 1060 1037 bominum
1081 971 1199 1038 fiducia
1226 971 1281 1039 ab·

236 1092 321 1159 ieeta
343 1092 435 1181 quasi
456 1091 616 1180 refugium
638 1090 797 1178 quaesiuit
818 1112 883 1179 qno
898 1111 933 1154 se
947 1090 990 1156 ab
1004 1111 1114 1155 eorum
1129 1088 1281 1178 nequitiis

237 1209 396 1298 reciperet
422 1219 455 1276 et
485 1209 571 1275 unde
592 1229 740 1297 egressus
761 1209 974 1296 castigatione
994 1229 1053 1273 sua
1074 1206 1190 1293 dignos
1210 1228 1280 1295 per

237 1336 435 1415 sequeretur.
477 1349 582 1415 neque
610 1348 688 1391 uero
712 1335 788 1414 post
817 1325 879 1391 iter
899 1323 1107 1413 Bithynicum
1126 1333 1224 1412 poeta
1243 1334 1281 1390 ut

237 1443 313 1510 olim
335 1444 369 1509 in
389 1442 529 1532 perfidos
550 1443 704 1511 amiculos
725 1452 758 1509 et
779 1441 936 1530 puellulas
957 1441 1032 1507 odia
1049 1440 1201 1530 profudit,
1222 1442 1279 1508 sed

235 1560 457 1627 aduersarium
486 1583 550 1650 quo
579 1560 733 1628 maiorem
763 1570 797 1627 et
823 1559 1037 1647 potentiorem
1056 1569 1126 1626 turn
1146 1558 1281 1646 adgredi

235 1701 301 1744 non
332 1677 456 1766 potuit,
483 1699 635 1744 uersuum
663 1679 736 1744 telis
765 1679 925 1766 spectauit
946 1701 986 1744 ac
1005 1676 1108 1766 petiit.
1157 1675 1278 1744 Gaium

234 1796 321 1860 enim
343 1793 517 1862 Caesarem
544 1795 605 1863 sibi
637 1794 736 1881 elegit
761 1793 795 1859 in
816 1817 915 1884 qoem
935 1795 1090 1862 odiosus
1112 1794 1278 1884 dirigeret.

233 1911 328 1977 annis
354 1911 479 2000 septimi
508 1911 549 1978 ab
582 1913 661 1977 urbe
693 1913 823 1978 condita
852 1911 971 1978 saeculi
1002 1912 1123 1978 ultimis
1155 1935 1276 1997 omnes,

234 2029 292 2118 qui
314 2039 417 2096 status
438 2040 471 2097 et
486 2028 682 2096 condicionis
697 2029 743 2095 rei
757 2030 907 2118 publicae
921 2030 1141 2096 Romanorum
1156 2029 1278 2097 iudices

230 2145 455 2234 intellegentes
480 2157 587 2229 erent,
620 2169 697 2212 mox
723 2146 793 2211 fore
818 2147 1031 2235 prouiderunt
1050 2156 1087 2212 ut
1106 2146 1163 2212 illa
1182 2148 1278 2212 nnius

229 2264 426 2352 inperatoria
440 2241 605 2330 dominatu
628 2273 660 2330 et
675 2264 808 2330 arbitrio
825 2267 997 2331 teneretur.
1041 2287 1114 2330 oum
1129 2262 1278 2333 Catullus

231 2403 274 2447 ex
305 2381 461 2467 Bithynia
493 2382 526 2447 in
556 2380 686 2448 Italiam
714 2382 881 2464 rediisset,
921 2383 1029 2469 paullo
1061 2393 1136 2448 ante
1166 2403 1277 2450 mense

231 2497 339 2586 Aprili
362 2496 482 2564 Caesar
508 2497 683 2587 Pompeius
712 2498 848 2565 Crassus
874 2498 997 2564 Lucam
1030 2511 1277 2566 conuenerant:

229 2640 296 2705 quo
318 2638 494 2705 congressu
515 2639 625 2683 omnes
647 2640 718 2705 spes
742 2640 822 2707 ques
844 2617 891 2682 rei
913 2617 1061 2704 publicae
1082 2618 1202 2684 liberae
1223 2617 1276 2683 de·

228 2733 383 2817 semones,
409 2756 480 2798 oum
500 2734 671 2823 Pompeius
694 2732 843 2801 Caesaris
863 2734 896 2799 in
919 2732 1028 2803 Gallia
1049 2736 1276 2803 commorantis

230 2850 381 2917 subsidiis
414 2853 545 2918 orbatus
576 2875 636 2918 neo
664 2851 789 2918 senatui
819 2865 852 2917 et
881 2851 1087 2939 optimatibus
1108 2874 1215 2942 neque
1236 2853 1274 2918 P.

230 2968 346 3036 Clodio
357 3017 366 3052 ,
395 2970 451 3057 qui
471 2969 627 3056 Magnum
647 2968 807 3035 indefesse
828 2971 989 3053 uexabat,
1024 2971 1107 3037 bene
1127 2970 1276 3039 resistere

229 3086 342 3168 sciret,
368 3085 408 3150 de
428 3085 553 3173 inperio
573 3086 670 3152 trium
692 3088 835 3152 uirorum
857 3086 1047 3175 depellendo
1068 3088 1153 3154 intra
1173 3110 1275 3155 annos

228 3203 347 3279 696158
370 3212 403 3269 ot
423 3204 539 3281 697157
561 3214 776 3292 conceperant
796 3214 829 3271 et
850 3204 1068 3289 nutriuerant,
1098 3206 1205 3273 subito
1233 3209 1274 3274 ad

229 3320 362 3385 inritum
391 3321 583 3388 oeciderunt.
627 3321 725 3387 nihilo
746 3322 858 3389 ‘minus
885 3334 995 3390 tamen
1015 3334 1275 3412 propugnatores

229 3439 276 3503 rei
291 3437 441 3526 publicae
456 3439 611 3527 Pompeio
634 3450 666 3507 et
680 3440 824 3524 Caesari,
848 3463 985 3530 quorum
1001 3443 1138 3507 alterum
1151 3443 1274 3530 regiam

229 3554 419 3643 dignitatem
441 3555 670 3623 adsecuturum
691 3579 762 3623 esse
784 3558 891 3623 omnia
911 3559 1103 3643 clamabant,
1123 3560 1219 3626 enixe
1239 3580 1274 3627 se

229 3673 437 3760 opponebant
465 3685 501 3741 ut
521 3675 569 3739 rei
590 3676 739 3762 publicae
759 3676 971 3744 mutationem
991 3679 1103 3744 sinon
1125 3678 1273 3766 prohibe

227 3800 329 3873 rent,
351 3799 459 3857 tamen
491 3792 680 3879 proferrent
722 3816 803 3881 quos
829 3794 915 3860 inter
943 3794 1192 3862 innumerabiles
1219 3798 1273 3864 ad·

227 3908 406 3990 nersarios,
441 3931 578 3997 quorum
600 3932 658 3976 sua
688 3910 825 3999 quisque
844 3911 950 3979 indole
979 3923 1011 3979 et
1037 3913 1192 3979 facultate
1212 3936 1271 4003 pro

225 4024 377 4092 libertate
404 4029 574 4114 pugnabat
600 4029 652 4094 uel
685 4050 834 4116 pugnare
866 4029 1057 4111 simulabat,
1096 4052 1162 4096 non
1192 4032 1272 4099 nulli

225 4152 342 4231 poetae
375 4166 504 4233 quoque
535 4145 695 4226 fuerunt,
722 4146 776 4234 qui
809 4147 1004 4214 carminibus
1032 4149 1272 4215 contumeliosis

224 4260 303 4327 illud
324 4284 383 4350 par
404 4262 660 4349 potentissimum
682 4264 956 4351 adgrediebantur
977 4290 1015 4333 ac
1035 4267 1271 4356 persequeban-
