3342 5200
513 648 590 700 VIIII
624 648 673 699 DE
692 647 850 701 CAESARE
866 649 913 700 ΕΤ
932 646 1163 702 caussnmuls
1316 651 1364 699 21⁷

320 814 442 881 sulatus
463 814 596 902 prioris,
625 835 721 901 quem
742 815 775 880 in
796 816 857 881 bac
876 836 911 880 re
931 813 1090 881 nominari
1115 812 1270 880 orationis
1291 835 1364 879 con·

320 931 454 998 cinnitas
477 932 634 1018 quaedam
657 932 918 1013 commendabat,
946 930 1140 998 mentionem
1160 940 1364 997 recusantem

318 1049 473 1115 adcurata
493 1049 648 1137 temporis
669 1048 855 1114 definitione
876 1049 924 1113 uti
944 1048 1096 1114 maluisse
1117 1058 1305 1114 statuamus.

399 1166 447 1230 At
479 1164 543 1229 iam
570 1186 658 1230 noua
690 1164 835 1253 quaestio
866 1164 958 1232 nobis
992 1165 1146 1230 exoritur.
1197 1165 1363 1253 quaeritur

258 1330 262 1338 .
318 1280 403 1347 enim
424 1304 501 1346 num
521 1281 630 1347 Mucia
652 1281 732 1347 adeo
755 1304 774 1347 a
798 1281 919 1347 uirtute
947 1292 980 1348 et
1007 1283 1155 1348 castitate
1182 1292 1363 1348 matronam

318 1398 453 1465 decente
499 1397 671 1464 desciuerit
721 1408 758 1463 ut
794 1398 964 1464 distichum
1004 1396 1244 1486 epigrammatis
1286 1416 1365 1463 oxru

317 1516 454 1582 alterum
486 1515 525 1581 de
557 1514 708 1581 adulteris
746 1515 914 1603 permultis
947 1537 1028 1603 quos
1062 1514 1103 1580 ad
1138 1536 1174 1580 se
1207 1514 1363 1581 adlexerit

316 1632 386 1698 iure
415 1656 453 1698 ac
479 1633 594 1699 merito
621 1632 655 1696 in
684 1654 754 1697 eam
782 1632 902 1698 dictum
933 1654 1005 1698 esse
1033 1631 1166 1698 credere
1193 1626 1372 1719 possimus.v

316 1750 373 1816 sed
394 1749 539 1835 longiore
555 1748 777 1837 disquisitione
797 1750 854 1814 uix
876 1771 956 1836 opus
978 1758 1037 1816 est.
1078 1750 1256 1832 mulierem,
1279 1771 1362 1837 quae

316 1887 354 1931 eo
382 1864 589 1953 inpudicitiae
617 1866 716 1931 semel
743 1866 899 1953 prooessit
925 1874 962 1932 ut
989 1866 1084 1932 fidem
1107 1868 1177 1933 uiro
1200 1866 1362 1933 addictam

315 1982 472 2049 adulterio
494 1982 571 2049 satis
593 1984 699 2070 palam
720 1982 868 2049 instituto
890 1984 1025 2049 sceleste
1045 1983 1199 2067 uiolaret,
1229 2006 1295 2049 non
1315 1984 1362 2049 iu·

315 2098 493 2165 dicabimus
520 2099 562 2165 ab
583 2099 729 2165 iterando
751 2100 862 2165 eodem
882 2100 1006 2186 flagitio
1028 2101 1250 2167 abstinuisse:
1271 2122 1361 2188 prae·

314 2216 425 2282 sertim
447 2238 520 2280 cum
542 2215 579 2279 e‘a
601 2239 620 2281 a
641 2215 798 2304 Pompeio
819 2216 988 2304 repudiata
1008 2215 1053 2283 Μ.
1068 2216 1209 2283 Aemilio
1226 2215 1360 2298 Scauro,

313 2333 384 2399 uiro
417 2343 449 2398 et
478 2334 541 2421 ipsi
568 2333 676 2398 multis
706 2332 889 2399 nominibus
917 2334 1104 2421 inquinato,
1135 2335 1298 2421 nupsisset
1329 2342 1361 2397 et

312 2449 511 2535 temporibus
541 2448 667 2514 uiueret
707 2448 975 2537 corruptissimis,
1011 2450 1128 2538 quibus
1162 2451 1361 2517 matrimonii

312 2567 465 2634 sanctitas
481 2566 611 2655 alonge
630 2566 775 2654 plurimis
798 2567 980 2633 hominibus
995 2566 1231 2655 despiciebatur
1253 2592 1261 2634 ε
1284 2591 1360 2657 qua-

311 2693 444 2773 propter
471 2686 523 2750 uel
554 2683 621 2750 sine
651 2685 840 2751 testimoniis
862 2685 1025 2751 adcuratis
1047 2685 1087 2751 de
1107 2696 1238 2752 nostrae
1261 2687 1361 2773 expli·

311 2800 448 2866 cationis
462 2800 598 2866 ueritate
613 2823 677 2867 non
693 2801 921 2867 dubitaremus.
965 2811 998 2867 at
1015 2812 1124 2868 tamen
1139 2804 1359 2869 testimonium

310 2918 438 3004 insigne
459 2926 587 3004 praesto
610 2939 678 2983 esse
699 2918 827 2983 uidetur
850 2939 914 3006 quo
930 2918 1009 2984 illud
1032 2919 1119 3006 quod
1138 2919 1358 2985 ratiocinando

311 3033 526 3099 conclusimus
561 3034 671 3122 pulcre
698 3035 914 3100 confirmatur.
968 3035 1118 3101 Valerius
1150 3037 1235 3102 enim
1255 3037 1359 3103 Maxi·

310 3173 381 3216 mus
410 3150 667 3217 memorabilium
689 3175 753 3218 vuu
776 3153 792 3215 1
815 3152 835 3216 8
857 3151 937 3217 baec
964 3161 1103 3219 narrat:
1124 3178 1220 3240 aeque
1240 3156 1358 3242 flcpiti·

309 3293 394 3334 osum
423 3268 501 3333 iliud
527 3269 705 3333 conuincam
731 3269 816 3354 quod
837 3270 1006 3353 Gemellus,
1035 3272 1220 3337 tribunicius
1246 3274 1357 3355 uiator,

308 3387 433 3474 inpendi
452 3386 611 3473 aaapniais
632 3385 691 3451 aad
709 3385 814 3472 officii
832 3389 915 3454 iutra
936 3388 1076 3453 academ
1095 3389 1232 3454 hobitum
1254 3389 1358 3474 defor-

308 3502 388 3584 mis,
416 3501 538 3568 Metello
558 3504 701 3588 Scipioni
727 3506 843 3569 consuli
867 3506 978 3592 (quem
1007 3529 1027 3570 a
1052 3506 1199 3572 kalendis
1228 3506 1355 3572 demum

309 3616 489 3687 Sextilibus
522 3622 598 3685 anni
625 3621 742 3698 702152
772 3621 947 3708 Pompeius
980 3625 1092 3688 consul
1122 3623 1194 3689 sine
1221 3624 1357 3712 conlega

308 3737 478 3822 conlegam
500 3737 560 3805 sibi
582 3738 787 3822 adiunxerat)
821 3762 859 3803 ac
886 3739 1010 3804 tribunis
1033 3740 1129 3825 plebia
1149 3764 1264 3828 mapao
1286 3765 1357 3807 mim

307 3855 419 3920 rubore
446 3855 575 3920 ciuitatis
603 3857 798 3941 conparauit.
842 3858 991 3941 lupanari
1014 3858 1092 3922 enim
1113 3859 1200 3923 domi
1218 3882 1294 3922 auae
1314 3864 1356 3924 ia·

307 3972 408 4036 uitato
423 3971 558 4036 Muciam
580 3985 606 4035 et
623 3972 770 4038 Fuluiam
792 3995 863 4036 cum
884 3997 905 4037 a
923 3987 1009 4058 patre
1030 3985 1091 4039 tum
1113 3999 1134 4038 a
1154 3979 1220 4040 ciro
1242 3987 1356 4040 utram·

308 4111 363 4174 quc
383 4089 520 4153 inclitum
541 4101 568 4153 at
588 4089 715 4154 nobilem
729 4113 855 4174 papium
872 4093 1074 4158 Saturninum
1094 4097 1124 4157 ia
1145 4117 1178 4157 eo
1194 4095 1354 4179 prostituit.

307 4204 449 4272 Muciam
464 4229 483 4270 a
500 4205 629 4273 Valerio
652 4217 934 4274 commemoratam
953 4233 1088 4276 uxorem
1104 4210 1238 4299 Pompei
1256 4212 1355 4278 fuisse
