3342 5200
466 604 492 657 V
526 604 575 657 DE
592 602 770 657 moramve
788 602 941 657 carrum
1192 608 1224 659 81

255 768 325 838 Sed
348 770 495 861 quamuis
517 768 633 839 Clodia
653 778 777 860 peccet,
799 768 922 839 Catulli
942 792 1034 837 amor
1054 770 1223 839 ueboman·

164 890 235 955 tior
257 898 310 955 est
325 910 423 975 qnam
437 896 475 955 ut
488 886 647 977 perfidam
661 888 808 955 celeriter
824 887 975 956 deserere
988 888 1101 978 possit.
1122 887 1222 955 immo

166 1006 345 1071 mulierem
372 1003 523 1071 inmerito
549 1015 691 1071 amatam
719 1003 753 1071 in
776 1006 920 1073 carmine
944 1026 1008 1073 orm
1036 1004 1145 1072 oredo
1175 1030 1224 1071 ms

164 1128 304 1211 potcs’sre
322 1146 409 1187 meae
429 1124 608 1187 maledicere
638 1127 716 1188 citae
744 1132 859 1191 eontra
888 1122 1050 1211 quendam
1071 1122 1224 1201 defendit,

169 1240 230 1328 qni
243 1240 347 1305 uerbo
359 1239 468 1327 aliquo
483 1237 636 1307 Lesbiam
658 1240 874 1329 uituperante,
900 1240 987 1329 qnod
1002 1241 1095 1308 dolor
1107 1250 1224 1330 poetas

170 1365 382 1439 excusserat,
412 1356 533 1421 abusus
553 1355 694 1423 Lesbiae
716 1356 881 1425 Catullum
902 1358 1094 1425 maledicere
1115 1382 1224 1425 narra·

168 1475 241 1541 bat.
295 1485 329 1539 st
356 1474 418 1539 hac
446 1473 633 1540 defensione
659 1472 885 1563 indignissima
913 1476 977 1542 luit
1007 1476 1123 1541 mulier
1152 1497 1222 1563 per

171 1594 257 1659 iura.
281 1614 365 1679 quse
385 1614 458 1657 cum
472 1602 600 1680 poetam
615 1592 766 1659 fraudare
781 1603 935 1681 pergeret
949 1592 1224 1682 inpudentissima,

173 1708 327 1777 Catullus
348 1709 479 1776 tandem
500 1708 673 1796 aliquando
695 1710 948 1778 beniuolentiam
969 1709 1111 1799 quidem,
1139 1734 1224 1800 quse

172 1828 207 1893 in
229 1826 415 1893 reuerentia
436 1836 469 1893 et
483 1826 706 1893 aestimatione
718 1826 858 1916 quadam
878 1826 1002 1910 nititur,
1023 1826 1057 1893 in
1072 1826 1224 1894 Lesbiam

174 1944 324 2011 conterre
348 1942 459 2027 desiit,
492 1943 550 2011 sed
579 1944 756 2009 meretricis
786 1943 956 2012 inlecebris
980 1944 1097 2011 mirum
1124 1968 1223 2033 quan-

173 2071 243 2127 tum
277 2069 390 2149 captus
421 2072 453 2128 et
486 2063 528 2129 ad
556 2060 739 2149 uoluptates
766 2062 877 2149 paullo
905 2061 1115 2150 propensior,
1151 2084 1223 2128 cnm

174 2200 273 2244 caeca
314 2178 472 2265 cupiditas
507 2177 540 2243 in
579 2178 685 2244 animo
720 2175 815 2243 nimis
858 2176 1095 2262 dominaretur,
1137 2200 1157 2245 a
1189 2202 1224 2245 se

174 2317 239 2361 non
272 2293 351 2361 dum
385 2293 547 2383 inpetrare
576 2278 684 2381 potuit
717 2304 753 2359 ut
785 2293 826 2359 de
856 2316 967 2359 amore
998 2294 1076 2376 illo,
1117 2294 1173 2383 qui
1203 2319 1223 2362 a

175 2434 312 2501 corpore
334 2408 542 2499 proficiscens
563 2411 604 2477 ad
627 2434 745 2500 corpus
766 2410 913 2494 redibat,
943 2411 1071 2477 sortiter
1091 2411 1223 2477 desiste-

173 2539 229 2596 ret
275 2528 365 2619 qaod
385 2529 431 2595 ita
452 2540 489 2597 nt
504 2528 598 2597 docui
619 2551 655 2596 re
676 2552 754 2595 uera
776 2529 944 2595 rehabere
966 2549 1007 2593 ex
1029 2527 1223 2596 carminibus

174 2648 307 2737 adparet
323 2648 457 2715 dnobus.
500 2671 575 2714 nam
593 2646 627 2714 in
642 2647 784 2714 carmine
801 2665 894 2712 nxxar
913 2645 1052 2710 Dtoebm
1065 2645 1221 2732 quondam

173 2766 268 2831 robam
289 2775 317 2830 ta
337 2787 424 2830 nosse
446 2763 596 2830 Catallcm
616 2771 716 2851 poeta
736 2785 849 2830 eorum
868 2784 992 2828 memor
1005 2784 1090 2848 quae
1102 2759 1222 2829 Lesbia

173 2883 307 2948 mentita
329 2893 398 2948 erat
420 2903 520 2948 unum
539 2879 703 2948 Catullum
725 2902 760 2946 se
780 2901 890 2946 amaro
909 2902 970 2946 noc
991 2901 1069 2967 prae
1090 2902 1130 2946 oo
1150 2879 1223 2946 Ioui

173 3002 294 3066 nubere
315 2999 410 3083 nelle,
431 3020 556 3064 memor
570 2997 689 3065 amoris
702 2995 897 3064 incredibilis
911 3019 1008 3086 quem
1025 2997 1060 3064 in
1075 2994 1222 3063 Clodiam

173 3115 369 3205 profuderat,

271 3307 358 3361 mac,
381 3281 496 3371 inquit,
517 3294 544 3347 te
562 3282 695 3370 copnoaa'
712 3307 723 3346 .·
743 3304 839 3370 quere
859 3279 920 3346 etsi
936 3279 1096 3364 irrpmssiss
1116 3302 1200 3357 seror,

323 3401 410 3464 madro
433 3404 476 3464 mi
495 3411 595 3464 mmor
616 3421 649 3463 es
669 3398 761 3463 ailc'or
781 3409 808 3462 et
828 3397 937 3463 ἱεισῶν.

269 3509 339 3604 ‘qao'
353 3514 436 3600 potia
457 3507 540 3581 Μ’
559 3514 677 3602 a’nqot's
698 3512 782 3600 quod
801 3525 949 3578 ementem
969 3511 1091 3576 inebria
1112 3511 1184 3577 tolia

320 3637 398 3718 coya
417 3654 525 3698 omaro
545 3619 653 3720 tropis,
676 3630 731 3696 aad
752 3629 921 3696 baranello
940 3629 1054 3694 minae.

179 3817 258 3904 quod
280 3839 410 3884 carmen
433 3817 486 3884 uel
511 3825 643 3906 propter
664 3816 798 3882 uoculae
818 3816 974 3902 quondm
995 3823 1111 3880 ettam
1133 3814 1179 3898 (u.
1202 3816 1218 3878 l

179 3942 208 3999 et
221 3934 266 4016 3),
288 3933 407 4023 quibus
428 3933 509 4000 illud
531 3932 667 4000 Clodiae
688 3932 730 3998 de
752 3931 881 4002 Catullo
902 3931 976 3998 Ioui
994 3929 1221 4020 anteponendo

178 4049 292 4116 dictum
316 4049 371 4136 (cl.
386 4069 457 4117 Lxx
473 4052 502 4116 1.
516 4049 552 4136 2)
574 4049 615 4116 ad
635 4049 726 4138 prins
749 4049 914 4138 quoddam
927 4058 1056 4137 tempus
1076 4069 1220 4114 remone-

178 4173 233 4251 tnr,
254 4166 422 4254 aliquanto
442 4175 518 4256 post
539 4189 670 4234 carmen
684 4185 755 4232 axx
769 4166 924 4254 scriptum
943 4165 985 4232 sit
1005 4186 1137 4232 necesse
1159 4174 1217 4231 est

999 4266 1021 4331 6
