3342 5200
188 711 264 760 Xllll
292 707 339 760 DE
356 709 497 760 MANLIO
516 707 712 771 TORQVATO
730 709 776 758 ET
794 709 891 761 vrum
911 709 1157 763 AVRVNCVIAEIA
1190 713 1238 762 etl

189 889 267 942 lorea
298 887 363 940 aeae
383 877 564 962 pereqra'aaa
589 875 694 940 uideri
711 877 838 941 'nerem
863 876 935 953 err't,
965 875 1022 962 qui
1038 877 1102 940 eam
1122 900 1160 940 ea
1180 888 1241 941 tota

190 991 290 1057 Italia
320 991 426 1056 delecti
450 1003 544 1056 tecum
572 993 609 1056 de
638 994 749 1056 honore
775 1004 802 1056 et
829 991 868 1056 de
889 994 976 1057 omrai
994 992 1144 1077 diqar’tata
1167 1014 1239 1058 eoa·

188 1107 311 1174 tardent
340 1106 394 1193 (af.
421 1108 516 1173 etiam
546 1107 567 1172 9
593 1107 643 1173 27.
678 1108 717 1172 14
745 1109 813 1192 41).
845 1119 974 1180 ,tamen
1009 1109 1079 1196 ipae
1105 1109 1157 1174 hie
1189 1109 1240 1176 uir

189 1235 337 1292 materno
370 1245 490 1313 genere
518 1223 718 1312 municipalia
742 1225 926 1290 Aeculanua
957 1225 1019 1290 fuit
1049 1224 1123 1312 (pro
1146 1223 1238 1292 Sulla

188 1342 297 1427 825).
340 1341 478 1428 denique
501 1363 575 1406 eum
588 1341 773 1426 Torquatus
795 1341 911 1406 litteris
929 1341 1079 1407 omnihus
1093 1340 1239 1407 eruditus
1272 1408 1276 1427 Ι

187 1467 285 1543 esset,
309 1479 346 1524 eo
369 1457 496 1522 facilius
517 1455 544 1521 ia
567 1478 638 1521 omn
654 1454 782 1523 Catullo
803 1455 945 1522 amicitia
966 1467 999 1523 et
1019 1457 1238 1524 familiaritate

186 1574 379 1641 coniunctus
400 1595 471 1640 esee
485 1574 599 1661 potuit
642 1572 681 1637 of.
696 1595 779 1660 quae
795 1571 910 1640 Cicero
923 1573 956 1640 in
972 1575 1076 1641 Bruto
1091 1575 1147 1658 (76
1161 1575 1237 1659 265)

187 1691 228 1757 de
260 1713 298 1756 eo
330 1689 486 1755 iudicauit
512 1711 520 1752 ε
550 1689 671 1775 reliqui
698 1701 764 1754 suu
792 1695 849 1776 qui
875 1696 987 1756 meruti
1015 1697 1074 1757 airu
1102 1693 1238 1776 (Lucius

190 1806 405 1895 Pompeianos
428 1815 556 1872 secutus
577 1827 662 1871 anno
683 1805 799 1884 tollet
814 1807 847 1872 in
862 1806 948 1872 bello
962 1808 1118 1874 Africano
1133 1810 1238 1896 periit,

186 1923 227 1989 ef.
250 1922 323 1988 bell
344 1921 445 1988 Afric.
468 1923 534 2007 96),
557 1922 595 1988 L.
624 1925 815 2009 Torquatus,
842 1947 930 2010 quem
951 1937 984 1989 tu
1007 1948 1066 1990 uon
1093 1938 1154 1990 tam
1184 1932 1239 1992 rt'to

186 2041 333 2105 rhetorem
355 2041 501 2122 dinieeee,
525 2041 584 2104 eter'
602 2033 787 2104 noaldeerat
806 2045 912 2116 aretio,
935 2064 1048 2126 mam,
1068 2053 1103 2105 ut
1124 2041 1241 2107 Orneai

186 2159 308 2239 diruat,
329 2145 498 2222 πολιτικόν
519 2182 526 2223 :
548 2167 633 2221 aaut
660 2161 689 2220 in
718 2175 752 2221 ea
782 2135 933 2242 pharimaa
959 2159 1074 2222 liuerae
1099 2180 1153 2223 neo
1183 2181 1240 2223 aaa

185 2274 350 2360 uulqaraa,
382 2275 440 2340 aed
467 2268 630 2339 interiores
660 2275 813 2360 quaedam
845 2286 873 2337 et
906 2274 1096 2356 reconditae,
1129 2273 1238 2340 diur'rra

183 2397 331 2458 memoraie
359 2414 476 2456 summa
503 2391 664 2456 uerborum
686 2403 714 2454 et
730 2395 871 2476 prauitas
893 2402 922 2455 et
942 2392 1095 2477 elepantr’a
1117 2417 1129 2456 .·
1149 2403 1238 2479 aqna

77 2591 78 2598 ἵ
185 2509 261 2574 haec
282 2510 382 2573 amnia
403 2510 485 2574 uitae
499 2507 661 2574 decorabat
674 2505 812 2593 du‘que'tur
827 2520 856 2572 et
869 2508 1038 2596 rioteqrr‘tur.
1069 2517 1238 2596 praeterea

186 2625 324 2691 eundem
344 2625 548 2713 Torquatum
570 2624 603 2689 in
624 2622 780 2689 librorum
795 2646 877 2712 quoe
892 2623 931 2690 de
945 2625 1064 2692 finibus
1078 2626 1236 2691 honorum

186 2744 397 2809 etmalorum
419 2742 548 2829 aeripait
569 2741 672 2827 primo
695 2752 727 2807 et
749 2741 889 2808 seeundo
911 2742 1039 2807 Tulliae
1061 2753 1236 2830 praecepta

77 2880 78 2887 ¹
185 2858 318 2947 Epicuri
360 2857 541 2946 philosophi
583 2856 809 2924 defendentem
852 2857 938 2923 feeit.
1002 2857 1092 2924 ouius
1128 2859 1236 2947 operia

184 2975 292 3041 locum
314 2998 413 3040 unum
435 2976 458 3062 (ι
482 2975 501 3039 7
523 2974 579 3059 25)
602 2973 654 3039 hia
672 2973 839 3040 exeribere
859 2975 966 3058 lioeat,
988 2998 1052 3064 quo
1066 2975 1235 3041 uideamus

77 3084 78 3101 ¹
184 3092 221 3157 L.
251 3092 453 3180 Torquatum
484 3093 588 3179 poetis
620 3090 764 3179 legendis
797 3092 912 3157 sedulo
942 3114 1073 3179 operam
1108 3091 1237 3159 dedisse

183 3220 283 3298 atque
303 3208 479 3297 permultos
501 3229 615 3273 uersus
637 3208 802 3291 memoria,
824 3230 923 3295 quam
940 3204 1055 3273 Cicero
1077 3208 1110 3272 in
1131 3207 1235 3275 Bruto

185 3324 327 3391 diuinam
348 3324 536 3407 nominauit,
559 3325 700 3390 tenuisse
722 3347 758 3389 aa
779 3344 1017 3390 conseruasse:
1039 3324 1125 3411 quod
1142 3325 1234 3403 noire,

183 3466 257 3508 aum
288 3442 328 3507 de
361 3442 521 3531 Torquati
555 3451 588 3507 et
623 3440 741 3507 Catulli
779 3450 896 3529 poetae
926 3440 1066 3508 amicitia
1103 3462 1236 3530 quaere

77 3580 78 3592 ¹
183 3582 270 3641 mue,
303 3567 414 3624 nostra
447 3560 582 3625 multum
610 3559 754 3625 intereat.
798 3559 876 3646 quid
896 3560 960 3635 tibi,
984 3558 1089 3647 inquit
1110 3556 1235 3637 Cicero,

187 3676 350 3763 Torquate,
373 3675 453 3763 quid
472 3675 546 3741 hua'o
573 3675 692 3740 Trian'o
713 3678 843 3756 litterae,
865 3676 946 3762 quid
965 3675 1109 3740 historiae
1130 3675 1235 3763 coqui·

180 3798 281 3881 doque
298 3816 415 3876 rerum,
437 3795 534 3879 quid
553 3805 754 3879 poetarum
783 3793 974 3873 euolute'o,
1006 3790 1106 3878 quid
1126 3802 1235 3856 tanta

182 3922 238 3974 tot
257 3932 450 3974 uersuum
470 3911 655 3975 memoria
676 3912 838 3995 uoluptatis
864 3908 995 3995 adfert?
1021 3907 1157 3994 adparet
1177 3907 1236 3994 igi·

181 4036 237 4091 tur
273 4024 352 4089 nihil
389 4024 517 4090 obstare
562 4046 626 4113 quo
659 4026 764 4092 minua
801 4024 895 4091 huius
932 4023 1044 4090 Manlii
1078 4023 1235 4109 Torquati
1300 4113 1302 4122 Ι

180 4141 313 4231 nuptiae
343 4140 491 4209 Catullus
516 4151 648 4231 putetur
676 4138 817 4210 carmine
847 4162 901 4209 uxr
928 4142 1149 4210 celebrauiaee.
1193 4139 1235 4205 de

180 4269 329 4347 tempore
365 4280 428 4347 qao
464 4261 496 4325 id
530 4259 685 4350 seriptum
720 4260 762 4326 ait
795 4281 838 4325 ex
869 4260 966 4326 rebus
1006 4281 1090 4346 qnae
1126 4258 1160 4324 in
1194 4278 1235 4324 eo

1293 2115 1301 2159 l
