3342 5200
391 618 424 671 16
667 616 678 666 l
713 616 761 667 DE
779 614 975 669 noumlnve
991 612 1144 665 (rervm

389 782 537 869 exemplo
564 804 630 847 non
655 782 744 848 nullo
765 781 913 848 Plininne
938 800 1115 867 congerere
1139 801 1205 845 non
1232 778 1346 845 inutile
1366 778 1438 843 erit.

389 900 423 964 in
444 899 527 965 libro
548 897 650 985 igitur
671 920 724 963 vrn
747 898 906 981 525211
930 898 970 963 L.
987 898 1134 962 Lucullos
1154 907 1183 961 el
1205 896 1245 973 Q.
1261 896 1440 959 Hortensius

388 1014 423 1082 in
444 1014 556 1083 codice
577 1017 598 1082 d
619 1038 678 1103 pro
697 1028 724 1081 et
741 1016 779 1093 Q.
795 1025 844 1080 est
858 1029 957 1101 oeque,
972 1035 1064 1079 xxxv
1077 1013 1115 1078 18
1129 1015 1151 1093 ἕ
1163 1012 1438 1097 200Amplrionem

391 1133 430 1210 Q.
449 1130 555 1197 Ootnli
572 1130 606 1195 in
627 1131 738 1196 codice
759 1130 788 1197 B
810 1130 1071 1216 Amphionemqno
1087 1128 1197 1195 Catuli
1213 1138 1248 1195 et
1260 1150 1326 1193 xvn
1343 1128 1360 1191 1
1382 1128 1439 1210 §2

391 1249 431 1326 Q.
455 1250 556 1315 Garuli
574 1250 632 1335 qui
652 1248 789 1314 Gimbros
812 1247 903 1333 fodit
926 1246 961 1313 in
989 1247 1058 1311 cod.
1085 1269 1105 1311 e
1134 1268 1216 1333 quoe
1237 1245 1346 1311 Coreli
1362 1266 1440 1331 qnos

390 1366 424 1433 C.
444 1364 475 1450 f.
503 1366 624 1452 scripte
652 1374 745 1447 sunt,
767 1386 808 1430 vn
829 1365 872 1428 43
893 1368 914 1447 5
935 1364 995 1429 139
1018 1364 1150 1442 Quintus
1171 1362 1308 1432 Metellus
1335 1363 1369 1427 ιἰι
1401 1384 1439 1425 ca

388 1488 522 1549 nouom
541 1481 574 1547 in
598 1481 668 1547 cod.
690 1482 722 1547 R
743 1504 762 1545 n
782 1480 887 1568 prime
905 1501 1003 1545 menn
1026 1480 1095 1557 Quo
1110 1479 1251 1544 Metellos
1272 1478 1314 1543 ab
1334 1478 1439 1541 elterc

392 1600 497 1677 Quod,
529 1600 562 1663 in
596 1597 664 1665 cod.
692 1598 712 1663 d
744 1598 840 1677 Quem
872 1598 1010 1683 legitur,
1045 1597 1088 1662 60
1121 1599 1143 1678 ὅ
1171 1595 1234 1660 214
1263 1597 1361 1661 dorm
1398 1593 1437 1671 Q.

390 1716 532 1780 Maroneo
553 1716 718 1801 Philippus
739 1714 772 1779 in
793 1716 826 1781 R
845 1714 916 1781 cod.
939 1718 1032 1780 donec
1052 1738 1128 1801 quoe
1150 1712 1311 1794 Moros’rss,
1335 1733 1438 1778 xxxvi

388 1831 512 1913 5§41
532 1831 610 1896 idem
632 1844 661 1895 ot
679 1855 700 1896 a
722 1829 857 1921 Coponio
878 1829 999 1896 XIIII
1014 1832 1155 1897 mtr'oneo
1175 1830 1210 1895 in
1229 1829 1300 1896 cod.
1323 1828 1354 1895 R
1375 1850 1436 1915 pro

390 1949 520 2033 Coponio
549 1951 702 2034 qoopomo
729 1946 905 2034 reperitur,
933 1947 1019 2013 unde
1039 1944 1241 2034 Dolecempii
1270 1944 1375 2011 codex
1398 1944 1437 2022 Q.

389 2066 490 2129 Pinnio
511 2062 605 2145 fecit,
627 2086 728 2131 xxxrn
748 2064 769 2129 3
796 2066 816 2145 9
839 2062 882 2127 45
901 2062 1082 2128 Hannibale
1102 2074 1249 2149 torquente
1272 2063 1311 2140 Q.
1334 2061 1437 2127 Fato

390 2179 545 2246 Mooumo
579 2180 727 2245 dr'ctotore
757 2180 791 2243 in
822 2180 892 2245 cod.
922 2178 951 2244 B
981 2192 1125 2267 turonense
1151 2202 1265 2273 lquere,
1295 2178 1436 2266 denique

389 2319 489 2363 xxxvi
515 2297 554 2362 15
582 2298 684 2377 §121
716 2300 770 2362 sed
798 2298 941 2362 dicontur
971 2321 1047 2361 nera
1076 2298 1293 2363 oestumoltone
1326 2301 1436 2361 inrecto

389 2416 533 2479 meacula
554 2441 565 2479 :
587 2414 626 2492 Q.
646 2414 790 2480 Marcius
805 2414 877 2479 Reor
897 2419 999 2479 inserts
1019 2438 1041 2477 a
1062 2427 1169 2478 senatu
1188 2436 1339 2499 equorum
1359 2415 1436 2477 duo-

388 2544 434 2595 tnr
460 2534 586 2617 spicere
587 2578 748 2596 ......
770 2530 802 2594 in
824 2531 895 2597 cod.
917 2529 946 2595 B
968 2531 1001 2595 R
1022 2531 1042 2596 d
1062 2553 1143 2618 quoe
1169 2532 1311 2595 Moretur
1334 2538 1436 2614 extat,

391 2649 475 2714 unde
510 2649 594 2736 apud
626 2648 870 2736 Delecempium
905 2672 963 2735 per
994 2648 1124 2714 foedam
1156 2649 1436 2735 interpolationem

388 2766 469 2832 heec
502 2766 588 2832 facta
624 2774 700 2831 sunt
732 2789 810 2852 quoe
841 2766 985 2832 Marcion
1016 2766 1088 2830 Rex
1116 2765 1205 2852 fecit.
1266 2770 1294 2829 ie
1325 2770 1436 2830 mosne.

388 2905 472 2969 quoe
500 2904 573 2948 cum
593 2881 639 2946 ite
660 2883 738 2963 sint,
770 2881 920 2946 uiciniam
941 2904 1006 2968 qun
1026 2881 1184 2950 uocabulo
1203 2905 1293 2967 qoem
1315 2892 1348 2946 et
1371 2879 1434 2947 Oc·
1483 2908 1487 2914 ·
1552 2888 1558 2894 ’

389 2998 481 3064 tullos
509 2998 581 3063 loco
613 2997 699 3062 unde
728 2997 905 3085 disputatio
933 3008 1044 3064 nostre
1075 3020 1148 3063 orso
1182 3008 1232 3064 est
1261 2998 1436 3065 coniuncte

389 3127 464 3182 sunt
492 3137 608 3180 censeo
634 3114 752 3201 aliquid
773 3115 930 3180 momenti
951 3116 1099 3181 habuisse
1120 3126 1153 3182 et
1176 3115 1316 3204 quodem
1337 3113 1436 3181 modo

303 3229 305 3232 ’
389 3233 535 3300 effecisse
563 3243 600 3296 ut
626 3233 659 3296 in
682 3231 806 3320 aliquot
825 3232 991 3300 codicibus
1014 3232 1054 3312 Q.
1076 3242 1152 3298 note
1174 3232 1292 3299 catulli
1313 3233 1437 3298 nomini

388 3359 647 3438 praeponeretur.
701 3370 842 3437 nemque
873 3349 1020 3436 quisquis
1051 3349 1129 3414 illud
1160 3371 1359 3437 praenomen
1390 3350 1438 3414 in-

389 3465 506 3548 seruit,
537 3463 721 3554 frequentin
750 3466 971 3552 exemplorum
1002 3467 1248 3554 pronominibus
1279 3469 1314 3532 in
1345 3489 1437 3554 pree

389 3603 506 3647 nomen
530 3581 643 3662 Quinti
671 3581 801 3647 mutetis
832 3583 1104 3648 emendendorunr
1132 3583 1282 3649 seductus
1304 3594 1353 3648 est
1373 3605 1381 3646 :
1404 3594 1437 3648 et

388 3700 435 3764 ita
449 3697 578 3784 quidem
593 3709 630 3764 ut
645 3723 716 3764 cnm
732 3699 915 3787 pronomini
929 3720 1126 3785 praenomen
1138 3699 1327 3787 simpliciter
1346 3695 1437 3765 sutis·

388 3817 507 3881 tituere
526 3837 584 3901 per
605 3838 733 3880 sensum
754 3817 814 3880 loci
839 3838 903 3880 non
924 3815 1053 3895 liceret,
1081 3817 1217 3904 suspitio
1241 3817 1270 3881 ei
1290 3827 1439 3881 oreretur

389 3931 603 4018 praenominis
625 3931 699 3995 olim
721 3955 741 3996 a
764 3932 867 3997 Plinio
893 3932 1003 4019 scripti
1023 3942 1134 3998 notem
1155 3933 1253 3998 nicini
1275 3934 1438 4020 pronomi-

388 4047 437 4111 nis
466 4058 541 4113 note
570 4047 729 4114 simillime
759 4072 816 4113 suo
837 4049 916 4114 -loco
938 4049 1061 4136 pulsem
1081 4072 1163 4116 esse.
1205 4049 1317 4140 itaque
1340 4051 1437 4116 inter·

388 4163 513 4250 poletor
546 4164 773 4251 intempestiue
814 4188 938 4232 memor
974 4165 1015 4245 Q.
1050 4163 1239 4234 Getulorum
1271 4167 1303 4231 in
1335 4183 1436 4255 opere
