3342 5200
323 658 371 707 164
575 655 627 706 vn
660 654 707 704 DE
725 653 867 706 ITINERE
885 652 1081 705 BITHYNIOO

315 820 436 886 tatibus
457 819 613 886 Romanis
636 844 666 885 ιιι
694 821 709 883 1
738 820 808 885 133.
834 820 921 904 287).
962 821 1044 887 haec
1074 820 1160 886 ratio
1191 843 1232 887 eo
1262 822 1363 909 pulcre

315 938 523 1003 confirmatur
553 937 640 1026 quod
668 959 710 1002 ex
732 936 882 1003 carminis
908 960 1034 1003 xxxxvr
1062 937 1217 1003 uersibus
1238 939 1289 1004 his
1296 986 1306 1022 ,
1331 938 1359 1002 in

315 1056 432 1144 quibus
454 1054 609 1142 gaudium
631 1054 672 1118 de
693 1053 800 1119 reditu
819 1054 960 1119 instante
982 1054 1189 1142 exprimitur,

513 1195 583 1260 lom
604 1218 660 1259 uer
681 1194 816 1283 epelidos
837 1194 936 1282 refert
956 1208 1072 1281 tepores

511 1312 576 1376 iam
596 1313 677 1377 cuelt‘
693 1310 788 1395 furor
810 1312 1038 1398 aequinoctiales

510 1428 655 1493 iucundis
676 1428 807 1515 zephyri
824 1430 933 1493 silescit
953 1434 1039 1493 avaris

513 1545 692 1630 linquantur
713 1543 854 1630 Pompe,
878 1544 1002 1626 Catulle,
1023 1545 1134 1629 campi,

311 1713 441 1790 poetam
477 1702 613 1789 adparet
644 1702 753 1789 paullo
782 1713 857 1790 post
887 1702 1128 1790 aequinoctium
1164 1722 1302 1766 uemnm
1330 1722 1354 1764 a.

312 1820 428 1897 698s56
452 1843 469 1884 e
490 1818 644 1906 Bithynia
672 1818 853 1907 profectum
882 1840 961 1884 esse.
1003 1839 1110 1905 neque
1140 1818 1232 1904 prius
1265 1839 1354 1905 quam

314 1946 439 2001 ceteros
461 1936 516 2021 qui
537 1934 570 1998 in
593 1934 738 2000 Memmii
761 1935 893 2000 cohorte
926 1945 1018 2000 erant
1048 1958 1109 2006 nec
1140 1935 1231 2020 prius
1265 1956 1355 2021 quam

312 2052 500 2117 Memmium
522 2052 627 2139 ipsum
649 2051 834 2133 Catullum,
872 2074 1067 2139 quamquam
1097 2052 1185 2116 solus
1210 2050 1309 2117 rediit
1327 2059 1357 2115 et

311 2171 440 2256 propria
468 2171 501 2233 in
530 2169 636 2234 reditu
658 2190 741 2233 naue
762 2190 839 2232 usus
861 2178 928 2251 est,
959 2169 1130 2233 reuertisse
1152 2190 1196 2233 ex
1217 2167 1357 2234 eiusdem

311 2308 437 2351 xxxxvr
459 2284 609 2350 carminis
628 2284 775 2350 uersibus
797 2283 949 2350 extremis

514 2428 654 2493 edulces
675 2427 819 2491 comitum
841 2427 942 2492 ualde
962 2438 1072 2506 caetea

511 2543 600 2631 lotape
620 2568 698 2632 quos
719 2544 812 2610 simul
829 2568 849 2608 a
871 2543 961 2609 domo
979 2543 1140 2630 profectos

511 2662 655 2728 diomede
675 2662 788 2728 aeriae
809 2667 877 2726 tuae
897 2673 1055 2747 reportant
1125 2738 1134 2751 ⁸

310 2818 405 2884 facile
427 2820 657 2886 concludimus.
700 2830 840 2886 ceterum
862 2842 922 2884 nos
943 2842 1041 2906 supra
1061 2820 1237 2907 sumpsisse
1259 2820 1358 2886 Mem·

311 2937 411 3002 mium
434 2959 615 3024 perunum
645 2937 748 3002 solum
770 2959 890 3002 annum
912 2937 945 3000 in
967 2936 1135 3024 prouincia
1155 2938 1357 3018 remansisse,

310 3076 377 3118 non
405 3052 477 3119 ideo
503 3055 636 3119 fecimus
666 3054 752 3142 quod
781 3053 835 3118 illo
865 3063 1009 3140 tempore
1035 3062 1203 3140 praetores
1224 3054 1358 3141 amplius

310 3193 395 3236 anno
431 3170 632 3258 prouinciam
663 3170 889 3236 administrare
918 3171 1036 3236 uetitos
1069 3192 1139 3234 esse
1171 3185 1358 3257 putaremus

312 3288 402 3368 (nam
432 3286 583 3374 antiquus
614 3286 666 3351 hic
695 3310 764 3352 mos
793 3288 866 3372 lege
895 3287 934 3352 dc
965 3285 1141 3373 prouinciis
1173 3287 1358 3354 ordinandis

310 3401 462 3469 Cornelia
490 3426 575 3468 anno
597 3404 712 3481 euolat
737 3412 880 3469 mutatus
912 3402 974 3486 est)
986 3451 995 3485 ‚
1018 3403 1074 3468 sed
1105 3425 1143 3467 ea
1173 3403 1213 3470 de
1246 3428 1359 3471 caussa

310 3518 464 3606 quoniam
497 3519 591 3586 ctiam
627 3530 701 3608 post
737 3520 843 3606 legem
871 3519 1056 3587 Corneliam
1083 3519 1183 3586 latam
1211 3543 1359 3610 proprae-

310 3650 396 3700 tores
419 3647 569 3700 canentes
593 3661 635 3702 ne
656 3638 697 3703 ad
719 3636 905 3703 consulatus
927 3635 1114 3723 petitionem
1129 3637 1359 3706 instituendam

311 3773 348 3815 ac
378 3751 586 3817 factitandam
617 3776 688 3818 sero
719 3753 856 3819 Romam
891 3754 1034 3819 redirent
1062 3755 1248 3841 prouincias
1276 3778 1357 3822 anno

309 3868 446 3954 amplius
469 3869 695 3938 administrare
716 3893 782 3936 non
803 3872 952 3937 solebant
974 3897 980 3934 :
1003 3893 1109 3958 neque
1130 3871 1305 3959 quicquam
1325 3874 1357 3936 in

308 3983 390 4048 libro
420 3985 538 4051 Catulli
577 3989 737 4075 reperitur
784 4010 850 4075 quo
883 3987 1000 4053 diutius
1030 4011 1113 4053 anno
1143 3989 1176 4052 in
1205 3987 1358 4077 Bithynia

309 4110 437 4185 poetam
485 4103 600 4169 afuisse
644 4103 891 4169 demonstretur.
943 4115 1056 4169 contra
1088 4114 1142 4168 'cx
1185 4107 1233 4170 eis
1275 4128 1355 4194 quae

309 4239 406 4304 supra
427 4241 458 4304 p.
485 4219 541 4283 127
564 4221 798 4309 disputauimus
829 4220 897 4286 ueri
920 4220 1117 4286 simillimum
1145 4241 1215 4286 esse
1243 4224 1356 4311 opinor
