3342 5200
487 627 523 678 vt
558 625 606 678 DE
623 625 800 680 monmvs
818 626 972 678 aarum
1216 628 1264 678 sse

219 795 328 860 culum
350 803 436 860 esset
465 802 580 882 putare
602 790 766 859 Catullum
787 792 1010 880 duodeuiginti
1031 814 1133 858 annos
1152 800 1264 859 natum

217 911 259 976 de
279 932 359 976 nere
381 909 494 976 aetatis
525 929 603 975 suae
628 908 704 976 olim
731 908 793 974 iam
816 909 991 997 praeterito
1013 919 1162 999 questum
1183 931 1264 976 esse.

217 1036 333 1092 eontra
366 1026 417 1091 uir
451 1026 671 1114 undetriginta
699 1049 800 1092 annos
828 1036 940 1105 natus,
979 1027 1107 1114 qualem
1140 1049 1201 1092 nos
1234 1048 1264 1092 a.

218 1142 525 1222 696158011111111111
554 1142 655 1209 fuisse
676 1143 899 1221 adfirmemus,
931 1144 1048 1211 merito
1068 1143 1148 1210 illud
1173 1142 1265 1230 queri

217 1261 335 1350 potnit.
378 1281 485 1348 neque
504 1260 740 1347 neglegendum
762 1271 811 1326 est
830 1283 907 1344 nos,
935 1284 1010 1328 cnm
1030 1261 1119 1328 illem
1138 1270 1264 1326 senten·

219 1380 300 1444 tiam
323 1371 583 1466 explicaremus,¹
608 1377 715 1444 omnia
742 1377 775 1444 iu
807 1376 962 1444 auxilium
982 1378 1159 1444 adnocasse
1181 1398 1265 1467 quse

219 1495 249 1562 ei
277 1493 420 1584 quodam
446 1493 543 1559 modo
570 1493 683 1561 fauere
711 1491 816 1559 uideri
849 1503 1010 1582 poterant.
1065 1492 1264 1560 seiunximus

219 1613 306 1678 enim
334 1633 466 1678 carmen
497 1626 609 1679 nxnn·
632 1634 651 1676 1
677 1611 820 1678 carmine
842 1617 958 1676 curvusb
979 1635 988 1676 1
1008 1631 1074 1698 qua
1094 1633 1130 1676 re
1151 1632 1265 1676 uersus

218 1729 307 1815 illos,
328 1729 415 1794 unde
437 1727 613 1816 disputatio
634 1737 743 1794 1101111
764 1727 911 1816 profecta
932 1736 997 1811 est,
1029 1727 1183 1794 extremis
1205 1725 1265 1795 Oa·

217 1847 292 1913 tulii
313 1856 347 1912 et
366 1844 507 1912 Lesbiae
529 1844 690 1913 amoribus
711 1845 888 1912 attribuere
907 1843 987 1910 licet
1006 1865 1014 1909 :
1034 1854 1067 1910 11
1095 1846 1266 1932 uulgarem

220 1985 296 2028 cum
310 1961 456 2049 Hauptio
478 1970 511 2027 et
522 1961 775 2050 Iungclsusseno
790 1962 982 2028 sententiam
1001 1961 1158 2028 secuturis
1172 1961 1266 2028 nobie

219 2100 351 2145 carmen
370 2098 473 2144 uxum
493 2087 598 2144 totum
619 2079 660 2145 ad
674 2089 801 2167 tempus
816 2100 881 2167 qno
903 2100 994 2144 amor
1013 2078 1067 2144 iile
1086 2077 1144 2143 uix
1158 2077 1265 2143 tnrba-

218 2206 273 2262 tns
304 2205 374 2261 erat
400 2196 630 2262 remouendum
659 2206 708 2262 est
731 2220 739 2260 1
760 2218 825 2284 qua
852 2217 888 2261 re
916 2194 1119 2262 difficultates
1148 2194 1283 2281 quibus·

220 2307 382 2379 s'entcntia
407 2313 465 2378 ille
494 2312 622 2378 laborat
652 2335 750 2401 quam
776 2312 917 2378 maxime
939 2320 1111 2398 augentur.
1153 2313 1265 2399 itaque

220 2430 372 2495 omnibus
400 2429 497 2495 rebus
517 2429 683 2517 perpensis
705 2439 738 2494 et
758 2429 968 2496 consideratis
988 2429 1084 2496 facile
1103 2428 1265 2516 intellegis

219 2569 288 2614 non
311 2548 414 2614 solum
444 2546 626 2634 opinionem
652 2568 750 2634 quam
781 2545 877 2613 modo
907 2546 1048 2614 refutare
1076 2546 1265 2631 studuimus,

219 2667 278 2733 sed
293 2667 391 2732 etiam
404 2674 507 2732 totam
520 2664 607 2729 illam
622 2662 663 2728 de
678 2663 799 2731 Oatulli
812 2687 898 2731 anno
912 2664 1011 2732 natali
1025 2665 1180 2732 decennio
1195 2688 1267 2755 pro·

219 2781 384 2849 mouendo
405 2782 607 2860 sententiam,
630 2782 722 2848 cuius
745 2803 890 2849 caussam
908 2782 1045 2871 primam
1064 2793 1097 2850 et
1111 2806 1266 2850 summsm

219 2899 285 2965 iam
314 2920 412 2986 supra
434 2900 480 2986 (p.
501 2898 558 2984 47)
587 2899 776 2982 ononimus,
808 2900 938 2966 omnino
966 2923 1035 2967 esse
1062 2900 1265 2967 reiciendam.

218 3040 297 3082 nam
327 3014 604 3083 adulescentulum
631 3018 689 3083 uix
709 3017 865 3105 puberem
885 3039 951 3084 non
973 3018 1049 3083 dum
1070 3018 1267 3084 uicenarium

220 3133 365 3200 carmina
391 3133 447 3199 ills
478 3134 519 3200 ad
550 3134 704 3200 Lesbiam
731 3136 867 3224 egregia
899 3134 1086 3223 scripsisse,
1119 3157 1203 3223 quse
1231 3145 1269 3201 ut

222 3273 357 3318 carmen
376 3274 430 3317 vin
453 3259 487 3317 et
508 3271 610 3317 cxxvi
633 3250 730 3317 animi
750 3251 852 3318 uirilis
873 3261 972 3319 testes
992 3262 1068 3319 sunt
1087 3253 1268 3341 locupletis

222 3368 314 3449 simi,
348 3368 437 3434 1111110
465 3369 560 3435 modo
588 3369 675 3435 credi
702 3378 818 3458 potest.
864 3368 1003 3457 deniqne
1023 3369 1143 3437 Lesbia
1164 3378 1269 3438 aetate

223 3484 354 3553 Catullo
375 3484 543 3551 minimum
566 3484 787 3573 duodeuiginti
810 3487 904 3553 annis
925 3486 1129 3554 antecederet
1151 3508 1269 3575 conpu-

222 3603 347 3669 tatione
366 3601 568 3670 Laebmanni
584 3602 763 3692 adprobata
778 3629 785 3670 :
801 3626 866 3693 qua
880 3627 916 3671 rc
933 3605 1012 3688 sola,
1033 3614 1071 3671 ut
1083 3604 1270 3691 Iungciaus·

224 3742 321 3787 senus
337 3729 425 3786 recte
449 3720 626 3805 educauit,
648 3720 730 3786 ratio
750 3720 807 3787 illa
827 3722 905 3788 satis
925 3744 1085 3811 superque
1106 3721 1204 3789 dubia
1224 3721 1270 3788 fit

306 3836 379 3902 Iam
400 3844 438 3902 ut
460 3838 500 3903 ad
520 3838 720 3927 propositum
740 3846 958 3922 reuertemur,
989 3838 1157 3906 uideamus
1188 3862 1270 3928 qnos

226 3974 356 4021 amores
385 3963 516 4041 praeter
543 3955 720 4044 principem
747 3956 840 4022 illum
859 3957 894 4024 in
914 3956 998 4023 libro
1019 3956 1138 4025 catulli
1159 3956 1271 4045 depre-

223 4071 416 4139 hendamus.
458 4071 522 4139 huo
550 4076 693 4141 carmine
724 4075 766 4141 ad
796 4074 988 4162 Ipsitbillsm
1018 4076 1060 4141 ad
1083 4074 1268 4144 Ametinsm

223 4189 266 4258 ad
297 4188 482 4257 Aufilenam
513 4192 637 4279 puellas
665 4201 698 4257 et
725 4189 765 4258 ad
786 4190 970 4257 quentium
991 4213 1128 4282 puerum
1148 4194 1268 4282 scripta
