3342 5200
870 1937 955 2022 VH

474 2131 544 2198 Iam
565 2131 692 2220 saepius
712 2130 747 2196 iu
768 2132 814 2196 eis
836 2153 920 2220 quae
941 2129 1046 2196 adhrm
1065 2130 1299 2219 disputauimus
1314 2129 1436 2198 Catulli

391 2249 453 2315 iter
467 2247 673 2337 Bithynicum
693 2248 1026 2330 commemoramus,
1047 2249 1086 2314 de
1109 2271 1173 2337 quo
1194 2272 1280 2314 nunc
1302 2249 1435 2315 adcura-

392 2366 456 2432 tius
478 2366 703 2454 exponendum
726 2376 785 2432 est.
828 2367 965 2454 primurn
988 2367 1206 2454 quaerendum
1227 2366 1358 2453 quaudo
1374 2365 1435 2433 Ca—

391 2481 489 2550 tullus
503 2481 536 2548 iu
550 2482 704 2571 Bithynia
718 2483 823 2549 fuerit.
865 2483 941 2548 huic
961 2482 1143 2571 quaestioni
1164 2483 1208 2548 eis
1230 2505 1314 2572 quae
1336 2507 1435 2572 supra

392 2602 576 2690 scripsimus
597 2601 630 2666 iu
653 2600 807 2666 auxilium
829 2598 952 2665 uocatis
973 2600 1034 2667 etsi
1054 2623 1118 2665 non
1149 2601 1302 2666 adcurate
1323 2609 1433 2665 tamen

392 2717 571 2807 generatim
602 2716 788 2805 responderi
819 2728 945 2805 potest,
977 2716 1053 2783 dum
1084 2719 1179 2784 modo
1210 2738 1252 2782 ne
1284 2716 1433 2784 Catullus

390 2846 467 2903 ante
488 2857 584 2925 quam
599 2832 749 2901 Lesbiam
771 2834 928 2900 amnuerit
949 2835 983 2899 iu
996 2834 1152 2921 Bithynia
1172 2834 1270 2899 fuisse
1290 2844 1432 2923 putetur.

390 2953 609 3020 demonstrare
631 2953 716 3017 enim
738 2974 836 3040 supra
858 2952 963 3019 conati
985 2974 1094 3017 sumus
1109 2949 1273 3018 Catullum
1294 2952 1369 3018 inde
1391 2953 1432 3017 ab

390 3092 475 3136 anuo
490 3070 605 3148 693s61
627 3091 728 3156 usque
749 3071 789 3135 ad
812 3092 931 3135 aunum
946 3070 1063 3147 696l58
1077 3068 1229 3135 Lesbiam
1251 3072 1432 3136 amauisse:

389 3209 453 3274 quo
475 3186 515 3253 dc
536 3186 673 3253 termino
688 3185 870 3265 definiendo
892 3197 1020 3274 praeter
1040 3187 1104 3252 alia
1126 3186 1168 3252 ad
1190 3188 1333 3252 carmina
1349 3209 1432 3276 quae

388 3302 421 3371 iu
449 3302 595 3371 Caelium
625 3304 767 3391 Rufum,
802 3312 838 3369 ut
868 3326 910 3368 ex
936 3302 1103 3371 Ciceronis
1124 3303 1281 3371 Caeliana
1302 3306 1430 3388 scimus,

388 3443 472 3487 auno
503 3420 620 3497 696158
652 3417 799 3487 Catullus
835 3420 962 3507 scripsit
995 3422 1112 3508 respici
1147 3422 1308 3487 iussimus.
1366 3444 1431 3511 quc

388 3534 491 3603 minus
512 3546 620 3603 autem
645 3536 730 3604 intra
750 3547 877 3625 tempus
899 3559 963 3623 quo
987 3535 1136 3605 Catullus
1157 3537 1297 3604 Lesbiae
1322 3561 1431 3605 amore

387 3652 547 3743 flagrabat
584 3676 658 3720 eum
693 3653 726 3720 in
765 3653 921 3742 Bithynia
958 3656 1078 3720 aluisse
1110 3655 1218 3720 Roma
1251 3656 1431 3739 credamus,

386 3770 437 3837 nel
458 3790 496 3837 cc
518 3772 725 3860 prohibemur
745 3771 832 3858 quod
848 3770 999 3837 Catullus
1020 3772 1052 3836 in
1074 3772 1270 3839 carminibus
1290 3794 1375 3859 quae
1396 3774 1429 3838 in

386 3885 500 3953 itinere
521 3886 577 3955 illc
600 3896 697 3976 etque
713 3886 753 3953 de
776 3910 814 3953 ec
838 3889 968 3976 scripsit
983 3888 1120 3953 Lesbiae
1140 3910 1317 3977 numquam
1338 3913 1429 3955 men-

386 4002 508 4070 ticuem
528 4002 614 4071 fecit.
656 4006 697 4071 sb
726 4026 810 4069 anno
839 4004 939 4091 igitur
960 4005 1073 4081 693161
1107 4004 1146 4071 ad
1169 4028 1287 4071 annum
1309 4004 1430 4084 696158

387 4116 533 4189 Catullus
564 4120 689 4189 Romae
716 4120 769 4186 uel
798 4122 913 4187 saltem
941 4122 974 4186 iu
1001 4121 1098 4188 Italia
1127 4132 1270 4188 moratus
1298 4145 1364 4189 nou
1394 4126 1429 4191 iu

387 4234 541 4325 Bithynis
571 4238 670 4305 inisse
702 4246 819 4327 potest.
864 4236 957 4304 aunis
978 4247 1085 4303 autem
1116 4238 1232 4316 697157
1254 4249 1289 4307 et
1308 4240 1430 4319 698156
