3342 5200
552 689 617 739 XIII
651 689 698 740 DII
716 687 858 740 CATONE
1182 683 1233 742 309

184 859 246 924 hoc
269 879 311 924 ex
333 856 404 923 loco
427 853 585 924 Catonem
606 853 830 942 cognoscimus
852 854 1047 923 carminibus
1068 857 1233 922 amatoriis

185 976 298 1064 eisque
325 997 345 1040 a
371 973 533 1061 grauitate
553 972 648 1039 ualde
669 971 916 1040 abhorrentibus
937 966 1055 1057 (leuia’
1075 972 1235 1062 adpellan-

183 1093 251 1178 tur)
272 1113 404 1179 operam
431 1089 575 1172 dedisse,
597 1089 644 1155 ita
666 1097 704 1154 ut
722 1088 750 1154 is
772 1089 934 1154 seueriore
955 1089 1124 1178 supercilio
1145 1112 1235 1156 acoe-

181 1208 266 1297 piase
288 1207 367 1274 illud
389 1205 509 1274 Catulli
530 1228 660 1273 carmon
681 1227 746 1270 uon
776 1206 818 1271 sit
837 1206 1000 1294 putandus
1021 1231 1029 1272 ε
1051 1206 1140 1272 cuins
1161 1208 1232 1273 obs·

182 1325 325 1392 caesitas
367 1325 428 1392 etsi
472 1324 567 1389 nobis
605 1322 769 1388 fastidium
812 1322 1020 1411 taediumque
1055 1323 1231 1390 maximum

182 1451 313 1524 mouet,
343 1451 452 1507 tamen
483 1439 632 1506 obliuisci
663 1461 728 1506 non
758 1439 912 1506 debemus
943 1451 1099 1528 quantum
1130 1442 1232 1508 nostri

182 1581 289 1626 mores
311 1557 432 1626 distent
458 1557 501 1625 ab
521 1557 663 1624 moribus
694 1557 943 1645 corruptissimis
963 1566 998 1626 et
1016 1559 1232 1646 inquinatissi-

183 1678 243 1742 mis
274 1677 405 1742 illorum
441 1685 639 1765 temporum,
672 1674 789 1762 quibus
821 1697 994 1763 puerorum
1020 1676 1230 1743 delicatorum

184 1793 372 1881 corporibus
397 1792 462 1858 frui
483 1814 535 1858 res
559 1801 627 1858 erat
647 1791 787 1858 maxime
808 1792 952 1880 uulgaris
974 1802 1007 1860 et
1028 1817 1048 1858 a
1068 1793 1145 1859 uiris
1168 1818 1231 1859 am·

182 1910 334 1999 plissImis
347 1918 474 1978 tantum
493 1932 558 1975 non
572 1909 680 1997 palam
697 1917 772 1976 ante
791 1912 933 1976 omnium
949 1912 1060 1976 oculos
1077 1911 1229 1977 exercita.

181 2030 293 2116 itaque
324 2027 475 2115 aequales
503 2027 631 2114 plurimi
658 2025 779 2094 Catulli
807 2049 873 2093 uon
901 2038 967 2094 tam
995 2028 1230 2116 turpitudinem

182 2145 268 2210 illius
299 2143 452 2210 carminis
481 2145 621 2210 auersati
650 2154 724 2210 sunt
750 2167 848 2231 quam
875 2166 944 2209 rem
977 2146 1118 2211 iocosam
1138 2141 1231 2232 ‘quac

182 2261 269 2350 quod
299 2261 439 2348 prurirat
467 2261 599 2327 incitare
630 2256 747 2349 posset'
774 2261 923 2330 riserunt.
973 2263 1059 2352 quod
1086 2273 1123 2329 ut
1152 2263 1230 2328 item

181 2381 304 2445 faceret
323 2375 482 2444 (latonam
503 2378 650 2445 Catullus
671 2380 818 2446 hortatus
840 2391 918 2448 est:

384 2554 411 2621 O
431 2577 495 2621 rem
514 2555 684 2633 ridiculam,
708 2553 791 2640 Octo,
813 2567 842 2623 et
861 2557 996 2623 mousom

383 2673 565 2760 aliquamque
586 2676 710 2739 uurdm
732 2686 760 2739 at
781 2687 831 2739 tao
852 2677 1013 2741 cachinno.

381 2790 457 2874 ride,
478 2791 624 2878 quioqm‘d
643 2815 741 2869 amas,
763 2791 849 2870 caso,
872 2791 1018 2858 osanam
1039 2818 1050 2858 .·

381 2932 431 2973 res
454 2921 499 2974 est
519 2908 656 2975 ridicula
676 2922 704 2973 et
724 2910 819 2975 nimis
840 2914 951 2976 iocosa.

180 3086 267 3175 quod
297 3084 521 3152 commercium
548 3084 705 3152 familiare
727 3086 811 3152 iuter
832 3085 991 3154 Catonem
1012 3096 1045 3153 et
1067 3086 1230 3155 Catullum

180 3202 398 3270 intercessisse
421 3203 615 3269 coniecimus
637 3205 741 3292 magis
763 3226 860 3293 quam
875 3203 1174 3288 demonstrauimus,
1195 3228 1230 3269 rc

181 3345 260 3389 uera
281 3321 380 3387 fuisse
410 3322 552 3387 maximo
579 3321 747 3409 probabile
772 3316 955 3407 uidebitur,
988 3323 1068 3389 haec
1100 3322 1126 3387 si
1157 3345 1231 3388 cou-

183 3440 325 3506 siderata
346 3450 448 3505 erunt
491 3447 609 3526 poetae
630 3438 739 3505 Latini
766 3440 821 3526 qui
850 3439 1014 3506 decenniis
1043 3439 1161 3507 saeculi
1188 3441 1230 3506 ab

182 3557 264 3623 urbe
286 3556 418 3623 condita
439 3556 566 3644 septimi
587 3556 709 3622 ultimis
739 3557 937 3643 floruerunt,
971 3558 998 3622 si
1024 3580 1089 3624 non
1121 3580 1230 3623 omnes

182 3674 235 3737 uel
249 3672 397 3761 plurimi,
419 3680 527 3739 tamen
548 3673 640 3739 multi
662 3682 695 3739 ct
715 3674 938 3742 communione
957 3676 1135 3742 studiorum
1157 3697 1231 3764 poe

181 3774 319 3859 ticorum
350 3790 490 3879 quadam
523 3801 569 3865 et,
586 3790 716 3858 uinculo
746 3792 906 3859 amicitiae
936 3814 975 3859 ac
1005 3792 1231 3860 familiaritatis

183 3910 349 3976 coniuncti
380 3909 522 3974 fuerunt.
566 3909 654 3994 quod
676 3910 848 3997 praecipue
867 3911 901 3976 in
922 3919 1035 3999 poetas
1056 3911 1128 3977 illos
1150 3934 1231 3999 quos

183 4026 322 4095 Ouidius
350 4025 421 4091 loco
450 4026 591 4093 tristium
623 4025 712 4092 ouius
742 4048 836 4092 usum
865 4028 929 4093 iam
951 4027 1077 4115 saepius
1097 4028 1231 4095 fecimus
1310 4049 1313 4056 ·

182 4144 388 4211 enumerauit
408 4142 476 4211 siue
498 4144 584 4212 cadit
606 4145 673 4212 siue
695 4144 810 4211 cadere
831 4144 977 4227 uidetur,
1005 4146 1039 4211 in
1066 4147 1176 4233 primis
1196 4146 1230 4212 in

183 4262 348 4332 Catullum
369 4260 508 4328 Caluum
529 4260 675 4327 Ticidam
701 4258 889 4327 Memmium
911 4259 1049 4330 Cinnam
1070 4262 1228 4331 Anserem
