3342 5200
574 649 652 700 XIIII
686 649 734 702 Du
751 647 859 701 anulo
1196 656 1246 705 327

195 817 359 906 permulta
369 815 545 884 laudabilia
553 815 687 896 inuenit,
698 816 890 882 sententiam
902 815 985 884 dixit
994 816 1106 885 iaham
1115 819 1246 908 quidem

195 935 255 1000 sed
269 957 367 1022 quam
382 932 567 1000 adcuratius
583 933 821 999 consideremus
841 934 1072 1020 dignissimam.
1115 937 1248 1004 femina-

195 1075 270 1118 rum
286 1073 356 1118 esse
370 1051 416 1116 ait
428 1049 607 1138 incorrupti
621 1050 776 1116 sermonis
790 1050 1016 1140 antiquitatem
1030 1062 1064 1118 et
1077 1052 1246 1140 integrita-

194 1178 264 1235 tem
283 1166 410 1234 fidelius
424 1177 458 1233 et
475 1165 567 1253 quasi
579 1167 723 1234 tenacius
739 1189 835 1254 quam
851 1168 939 1235 uiros
951 1191 1093 1236 seruare.
1131 1171 1192 1237 hae
1205 1172 1246 1237 de

192 1307 230 1351 re
253 1285 393 1374 legenda
415 1295 489 1351 sunt
511 1307 595 1373 quae
616 1279 756 1351 Iacobus
775 1284 957 1352 Grimmius
983 1287 1016 1352 in
1043 1288 1246 1374 praefatione

194 1402 341 1470 thesauri
360 1402 491 1489 linguae
513 1402 730 1470 Germanicae
751 1424 780 1489 p.
802 1425 856 1468 xtu
883 1403 917 1468 iu
943 1404 1131 1470 uniuersum
1153 1405 1245 1473 dixit
1333 1482 1339 1491 ,

193 1521 282 1587 idem
303 1541 410 1608 neque
426 1518 573 1588 Graecos
594 1539 700 1606 neque
721 1518 886 1586 Romanos
906 1519 1008 1586 latuit
1042 1521 1085 1587 of.
1100 1520 1246 1588 Platonis

196 1635 324 1725 Oratyli
355 1660 386 1724 p.
414 1635 476 1700 418
508 1633 536 1702 Ο
563 1634 619 1703 sal
647 1629 710 1718 οὐχ
739 1623 855 1722 ἥκιστα
888 1632 925 1702 ai
951 1639 1117 1721 γυναῖκες,
1144 1633 1247 1727 αἵπερ

192 1745 340 1835 μάλιστα
358 1747 415 1842 τήν
434 1747 574 1839 ἀρχαίαν
593 1748 703 1840 partia
728 1741 881 1833 σώζουσι.
912 1752 1059 1820 similiter
1072 1754 1246 1842 scriptores

193 1870 304 1938 Latini
335 1870 376 1936 tle
403 1869 464 1936 hae
493 1891 528 1934 re
558 1868 751 1936 iudicarunt·
793 1868 826 1934 in
854 1870 965 1956 primis
987 1868 1154 1938 Ciceronis
1181 1871 1245 1939 duo

192 1985 257 2052 loci
286 1984 471 2053 conferendi
498 1995 591 2068 sunt,
619 2007 757 2074 quorum
787 1986 871 2050 alter
889 1984 923 2050 in
943 1985 1033 2052 libris
1054 1987 1095 2055 de
1114 1977 1244 2055 oratore
1274 2021 1277 2025 ·

194 2107 242 2190 (m
279 2103 318 2168 12
350 2104 408 2189 45)
450 2104 530 2170 alter
570 2104 604 2169 iu
639 2102 743 2168 Bruto
783 2102 836 2181 (58
867 2101 944 2185 210)
979 2113 1077 2170 extat.
1137 2105 1243 2192 priore

193 2223 268 2288 locc
296 2221 425 2287 Tullius
452 2221 490 2286 Ia
518 2219 670 2289 Crassum
693 2228 870 2303 oratorem,
899 2242 1056 2307 generum
1078 2219 1119 2302 Q.
1143 2221 1243 2288 Mucii

194 2337 374 2406 Scaeuolae
402 2337 565 2425 Auguris,
596 2336 642 2406 ita
671 2337 859 2426 loquentem
886 2338 963 2403 fecit
984 2362 992 2403 ε
1015 2341 1150 2440 opuntem
1178 2363 1245 2404 oum

193 2454 288 2522 andro
300 2475 424 2521 aceram
437 2477 536 2520 meam
551 2453 695 2520 Laelsam
710 2452 823 2538 (filiam
839 2454 882 2521 G.
895 2453 1000 2520 Laelii
1014 2453 1190 2543 Sapientia)
1207 2494 1241 2507 -

184 2573 323 2662 facilius
343 2572 427 2639 caim
446 2571 592 2639 mulieres
610 2572 815 2658 incorruptam
829 2572 1039 2659 aaa‘qat'tatem
1054 2587 1244 2653 coasaaont,

193 2693 278 2779 qaod
305 2691 467 2757 malama
494 2691 644 2756 sermonis
673 2702 812 2773 cooperies
840 2713 879 2755 ea
905 2702 1004 2756 teneat
1022 2714 1142 2777 semper
1163 2716 1242 2779 qaae

77 2786 78 2861 }
192 2807 745 2896 printadt'dt'aauat—:aedeam
770 2812 811 2873 aa
837 2809 1246 2875 auduaPtaaammsa

77 2994 78 2999 ,
194 2938 249 2991 aar
267 2924 424 2992 Naeuium
450 2924 569 2991 uidear
594 2925 709 2991 audie.
753 2948 828 2991 eoao
855 2925 924 3011 ipso
944 2925 1032 2990 aoas'e
1052 2926 1099 2990 aia
1118 2938 1197 2991 recto
1216 2940 1244 2992 et

77 3014 78 3077 l
194 3044 326 3129 aiaplr‘ai
357 3055 403 3108 est
429 3055 465 3107 at
494 3043 576 3109 athal
607 3047 803 3107 autumamus
835 3055 890 3107 aut
918 3042 1091 3107 animante
1119 3044 1245 3128 adferre

192 3160 367 3227 aarum:
395 3182 439 3226 aa
466 3183 542 3247 qao
572 3164 630 3225 cic
659 3160 834 3225 locatam
863 3182 951 3225 ease
980 3159 1064 3225 et'ae
1088 3173 1244 3245 patrem

193 3279 346 3362 iudico,
378 3279 441 3343 sa'o
471 3279 640 3343 maiores
663 3302 674 3342 .·
694 3301 752 3342 noa
779 3301 886 3364 aspere
913 3290 947 3342 at
973 3277 1024 3342 olle
1054 3302 1142 3365 quem
1176 3264 1247 3344 diat

193 3392 345 3480 (Getta),
375 3416 434 3461 aaa
459 3406 545 3461 eoae
570 3418 629 3459 aaa
656 3398 764 3461 rustes
783 3418 843 3460 aaa
862 3394 977 3479 liuha,
1005 3397 1061 3459 ced
1081 3418 1189 3480 presa
1216 3408 1245 3460 et

193 3512 393 3599 aequabiliter
419 3522 446 3575 et
475 3511 590 3576 lenior.
633 3512 734 3578 altero
765 3512 838 3577 loco
868 3534 964 3600 quem
993 3510 1058 3578 iam
1087 3511 1243 3578 adnotaui

193 3628 307 3712 Bruti,
337 3627 425 3694 unde
455 3625 675 3706 Quintilianus
705 3627 780 3695 inst.
811 3629 1012 3696 orat.1l6
1038 3650 1099 3694 sua
1125 3628 1242 3705 hausit,

194 3744 310 3813 Cicero
332 3745 412 3811 haec
434 3744 515 3811 dixit
535 3758 657 3822 :eram
677 3758 774 3811 amsa
793 3747 905 3833 quibus
922 3749 1074 3812 sa‘derw
1093 3748 1173 3813 suso
1191 3770 1244 3812 oe·

193 3864 267 3928 rotie
287 3867 387 3927 talita
402 3862 504 3946 Oeae,
525 3864 602 3950 quia
619 3862 877 3948 splendiduabus
889 3863 1036 3948 fortasse
1054 3864 1160 3929 uerbis
1180 3877 1242 3930 aa·

193 3981 282 4045 batur
303 3992 331 4043 et
350 3984 423 4067 prtia
445 3978 558 4045 Latiae
578 4004 637 4044 aaa
655 3981 793 4065 pessime
820 3982 998 4067 loquelatur
1022 4002 1095 4047 asa
1123 3984 1242 4047 oredo

191 4098 322 4184 aliquo
355 4095 579 4163 domestico.
631 4120 705 4163 uam
737 4097 902 4163 waram
932 4096 978 4163 ad
1005 4098 1132 4164 modam
1161 4099 1244 4165 allel

191 4212 304 4280 sa'cbat
322 4238 333 4279 .·
353 4206 413 4279 sed
438 4214 552 4303 mapat'
576 4214 699 4281 interea
724 4237 798 4303 queas
825 4215 959 4303 quisque
979 4214 1095 4281 audeat
1113 4217 1241 4305 quotidie
