3342 5200
493 636 546 689 1111
579 636 627 689 DE
644 636 824 691 anonim
841 636 997 690 cmm
1237 640 1273 691 dd

203 800 259 869 'de
280 803 344 869 hae
365 825 399 869 re
418 803 510 869 uario
530 802 763 869 iudicauerunt.
805 803 861 869 alii
881 812 985 870 totam
1004 803 1091 869 hano
1112 804 1274 892 quaetio

213 941 293 983 nom
314 919 541 1005 neglexerunt,
565 919 673 1003 ueluti,
696 929 732 985 nt
750 919 952 1008 antiquiore·
964 930 1100 1003 taonem,
1122 929 1155 986 et
1168 920 1269 987 Bora

215 1034 350 1100 hardiue
387 1035 475 1120 (hiso
507 1035 566 1103 liu
600 1036 694 1101 Rom.
724 1058 754 1123 p.
781 1036 859 1119 514)
890 1044 925 1101 ot
955 1033 1175 1120 Froaliohiua‚
1212 1037 1270 1125 qai

215 1174 416 1240 quamquam
437 1150 478 1217 de
499 1153 617 1218 amoris
639 1150 759 1219 Catulli
788 1162 821 1218 ot
841 1150 980 1217 Loabiaa
1003 1152 1142 1219 decursu
1162 1154 1270 1242 paullo

214 1270 336 1335 rectius
359 1292 457 1357 quam
478 1267 569 1357 priua
583 1270 707 1335 loetum
729 1278 799 1334 erat
819 1267 985 1351 iudicauit,
1007 1279 1116 1335 tamen
1138 1270 1179 1335 de
1194 1270 1271 1337 Im

214 1386 291 1451 biae
325 1385 454 1451 nomine
484 1385 611 1473 origine
641 1406 781 1473 persona
815 1383 894 1450 nibil
919 1384 983 1451 nisi
1012 1406 1131 1452 nomon
1157 1386 1271 1454 fiotum

215 1523 289 1567 anae
321 1502 420 1585 dixit,
453 1503 493 1567 ol.
523 1510 692 1567 comnena
722 1500 812 1567 aoad.
842 1500 971 1567 lionae.
992 1525 1023 1566 ιιι
1052 1526 1082 1567 ιιι
1103 1504 1271 1569 eal-716

214 1640 248 1683 ιιι
270 1640 291 1681 ιι
314 1618 385 1684 277.
430 1618 482 1683 alii
502 1618 654 1685 Lesbiam
679 1616 800 1686 Catulli
828 1617 998 1690 mulierem
1024 1618 1157 1686 aliunde
1176 1620 1272 1686 nobie

215 1744 327 1801 notam
349 1744 470 1801 eertum
493 1756 563 1801 eoae
583 1744 799 1822 negauerunt.
843 1735 889 1801 aio
915 1745 952 1801 nt
979 1736 1092 1823 paneis
1112 1737 1270 1823 exempli·

216 1849 400 1939 defungar,
431 1850 568 1917 Loeraio
596 1851 650 1933 (ad
681 1849 792 1917 Ouidii
815 1852 920 1917 tristia
940 1876 973 1940 p.
994 1852 1073 1935 204)
1102 1851 1269 1919 einanam

216 1966 298 2031 dare
329 1988 459 2055 operam
492 1968 642 2037 uidentur
674 1969 730 2057 qui
761 1990 846 2055 quae
876 1968 996 2037 Catulli
1031 1969 1138 2037 amioa
1171 1971 1270 2037 fuerit

215 2084 336 2150 eurioai
367 2095 544 2172 quaerunt,
577 2084 693 2151 similia
723 2086 883 2151 Munkiua
910 2085 944 2151 in
975 2084 1049 2151 hina
1069 2086 1132 2152 litt.
1154 2087 1270 2153 Lata

217 2202 279 2267 178
307 2203 486 2289 profitetur.
539 2201 777 2289 Hertzbergina
810 2211 919 2267 autom
949 2204 1090 2291 (quaeat.
1120 2202 1267 2290 Pnoport⁸

214 2343 247 2407 p.
268 2320 325 2403 34)
347 2342 419 2383 oum
448 2317 604 2384 Paldamo
628 2319 684 2403 (da
706 2320 798 2407 poesi
819 2328 916 2386 amat.
938 2342 971 2407 p.
993 2320 1049 2403 30)
1079 2320 1114 2385 in
1139 2320 1268 2387 uniuer-

214 2458 288 2502 anm
310 2435 450 2502 sentiens
472 2435 622 2502 Lesbiam
651 2435 835 2504 libertinam
858 2438 911 2501 uel
932 2458 1059 2502 sornam
1081 2438 1181 2503 suinae
1202 2437 1267 2525 opi·

213 2564 312 2620 natur
331 2575 452 2640 magna
475 2552 555 2618 haee
571 2574 650 2618 uoce
665 2554 868 2641 proclamem
881 2554 958 2640 qaid
968 2555 1007 2618 do
1019 2552 1137 2621 Lesbia
1151 2555 1267 2639 dioon,

212 2694 293 2758 puae
314 2676 454 2756 quonum
470 2670 584 2736 Caudi
602 2671 717 2736 charo}
736 2673 906 2736 inmortalia
911 2669 1006 2755 faeda
1026 2665 1072 2736 ‘ia
1092 2673 1268 2760 oppopora'a

210 2789 336 2877 plupait
360 2788 573 2872 mopnanimoo
599 2787 694 2853 Remi
720 2781 873 2872 uepolea’?
914 2787 1035 2853 Zelliua
1056 2786 1197 2873 deniquo
1217 2787 1265 2870 (in

212 2903 332 2969 libellis
361 2926 419 2991 per
450 2904 547 2969 ferias
577 2902 706 2990 scriptia
735 2903 843 2986 1129)
872 2902 983 2969 neooio
1016 2903 1100 2971 undo
1132 2904 1265 2970 edoctu·

213 3019 364 3086 Clodiam
399 3020 531 3086 Verona
566 3019 736 3088 oriundam
773 3017 895 3087 Catulli
936 3020 1126 3108 popularem
1164 3020 1265 3086 fuiaae

212 3149 335 3202 narrat.

297 3252 421 3319 Contra
452 3253 516 3317 iam
547 3253 666 3320 Petrus
695 3253 861 3320 Victorius
896 3253 1060 3323 uariarum
1091 3252 1265 3319 lectionum

212 3393 270 3435 xvi
295 3371 311 3434 1
335 3380 368 3435 et
389 3369 535 3436 Muretus
556 3371 598 3437 ud
621 3392 749 3437 carmon
771 3377 850 3436 Lvui
872 3379 905 3435 et
927 3368 1050 3436 Statius
1071 3367 1114 3435 ad
1134 3391 1265 3435 carmen

212 3486 299 3553 idem
321 3496 354 3552 et
381 3488 415 3552 in
445 3489 610 3575 prooemio
639 3489 671 3552 id
694 3489 781 3576 quod
802 3509 861 3553 noa
885 3485 1017 3574 quidam
1038 3507 1151 3550 uerum
1173 3497 1264 3574 puta·

211 3629 285 3671 mua
308 3605 526 3691 dispexerunt,
558 3626 753 3691 quamquam
775 3602 900 3672 Statius
921 3603 955 3667 in
976 3624 1015 3667 eo
1035 3602 1155 3672 fallitur
1176 3603 1263 3690 quod

212 3723 284 3787 ueri
323 3732 446 3788 testem.
473 3719 641 3788 Sidonium
674 3721 894 3809 Apollinarem
925 3721 1060 3809 profert.
1114 3721 1170 3808 qui
1205 3721 1264 3786 otei

212 3838 380 3906 Catullum
401 3839 452 3902 bia
474 3839 616 3926 (epistul.
632 3862 650 3902 ιι
668 3839 750 3924 10p.
766 3839 894 3904 900011.
910 3836 1006 3904 Sirm.
1029 3845 1062 3902 ot
1083 3859 1179 3903 earm.
1199 3859 1262 3902 mu

210 3955 291 4040 263)
321 3965 353 4020 et
379 3954 534 4020 Lesbiam
561 3955 660 4020 semel
690 3953 830 4042 (epistul.
859 3954 880 4018 l.
913 3955 957 4034 o.)
989 3955 1263 4036 commemorauit,

211 4083 324 4140 tamen
348 4074 388 4136 do
409 4070 549 4137 Lesbiae
569 4071 700 4138 nomine
727 4092 806 4136 uero
832 4080 866 4136 et
888 4068 1012 4156 origine
1034 4070 1112 4136 nihil
1134 4071 1263 4136 omniuo

209 4190 370 4260 narrauit.
423 4210 536 4258 uerum
571 4188 657 4254 enim
691 4209 768 4258 uero
803 4209 876 4258 oum
909 4187 956 4258 illi
987 4186 1050 4252 uiri
1088 4186 1265 4258 doctissimi
