3342 5200
317 678 365 728 lae
601 673 623 724 V
657 673 705 724 DE
723 672 904 726 auoumvs
922 670 1078 726 curvum

315 839 400 905 haud
421 838 487 904 scio
516 861 557 903 an
585 861 657 904 cum
687 838 924 904 renuntiatione
951 836 1070 901 amoris
1099 837 1206 902 artius
1236 835 1362 901 coniun-

315 955 424 1043 genda
445 957 495 1022 eit
539 957 595 1042 qui
616 955 723 1020 denim
745 955 854 1021 obstat
875 976 939 1042 quo
962 954 1068 1019 minus
1091 951 1273 1035 Catullum,
1294 974 1363 1018 enm

315 1072 481 1139 consilium
511 1072 650 1159 cepisset
675 1071 814 1138 Lesbiae
842 1071 959 1137 amoris
988 1071 1023 1135 in
1052 1078 1250 1157 perpetuum
1273 1090 1363 1155 repu-

315 1189 443 1273 diandi,
478 1189 583 1255 Roma
617 1188 781 1254 Veronam
817 1187 934 1254 abiisse
965 1185 1187 1269 arbitremur,
1223 1195 1257 1251 et
1288 1183 1361 1272 quia

315 1307 475 1389 Veronae,
505 1306 560 1373 ubi
583 1307 707 1371 occasio
728 1303 868 1371 Lesbiae
890 1301 1138 1392 conspiciendae
1163 1302 1302 1385 deesset,
1322 1303 1361 1367 ab

314 1422 421 1489 animo
449 1422 574 1488 facilius
602 1423 764 1510 inpetrare
792 1431 903 1508 posset
930 1430 966 1486 ut
985 1415 1158 1485 ‘obstinata
1179 1429 1290 1485 mente
1311 1419 1360 1485 ob

315 1533 453 1604 duraret'
473 1548 507 1604 et
528 1548 565 1604 ut
581 1537 745 1603 hominum
767 1541 839 1603 oum
854 1537 1080 1603 beniuolorum
1102 1546 1174 1601 tum
1197 1535 1360 1601 maliuolo

314 1676 385 1719 rum
407 1655 446 1720 de
468 1655 601 1740 repudio
629 1655 686 1720 illo
708 1676 873 1721 sermones
895 1663 928 1719 et
947 1652 1075 1720 fabulas
1095 1651 1124 1717 si
1144 1674 1213 1717 non
1235 1652 1359 1733 uitaret,

314 1782 402 1836 certe
423 1771 589 1857 effugeret
633 1770 755 1859 quode
775 1770 911 1859 repudio
935 1793 1008 1835 oum
1022 1767 1164 1835 Manlius
1186 1768 1269 1833 nihil
1289 1790 1357 1833 con-

314 1888 467 1975 perisset,
489 1887 543 1953 illa
563 1886 604 1953 de
624 1886 764 1953 Lesbiae
785 1887 937 1974 nequitiis
958 1885 999 1952 ad
1020 1885 1187 1952 Catullum
1209 1884 1357 1951 Veronae

313 2013 565 2069 commorantem
593 2005 661 2069 eius
692 2005 796 2069 lamae
823 2004 1027 2069 consulturus
1047 2000 1185 2090 scripsit.
1237 2002 1356 2067 eisdem

312 2122 442 2203 caussis,
457 2121 572 2207 quibus
586 2130 622 2186 ut
636 2120 775 2186 Romam
790 2121 989 2208 relinqueret
1004 2117 1168 2186 Catullum
1182 2117 1356 2185 adductum

313 2257 384 2301 esse
414 2235 510 2302 modo
543 2238 759 2319 conieeimus,
802 2246 891 2302 certo
922 2235 1128 2302 adfirmamus
1163 2257 1240 2301 eum
1276 2256 1356 2302 anno

311 2352 427 2430 697757
449 2375 521 2417 oum
543 2350 586 2418 G.
606 2352 760 2418 Memmio
777 2351 925 2419 Gemello
946 2363 1096 2439 praetore
1115 2350 1150 2415 in
1170 2351 1357 2440 Bithyniam

310 2468 509 2556 prouinciam
528 2470 709 2554 profectum
731 2493 830 2537 esse:
852 2494 916 2559 qua
937 2471 977 2537 de
999 2469 1208 2558 expeditione
1228 2470 1358 2536 adcura

311 2584 375 2650 tius
415 2585 597 2672 exponendi
633 2589 759 2653 occasio
794 2587 879 2653 infra
910 2611 974 2653 non
1008 2587 1119 2653 deerit.
1172 2585 1252 2653 illuc
1288 2610 1356 2653 oum

310 2701 457 2769 Catullus
483 2724 560 2768 uere
589 2704 665 2769 anni
693 2705 859 2792 sequentis
880 2704 997 2782 698l56
1019 2704 1185 2788 rediisset,
1220 2703 1356 2791 quaein

310 2818 461 2884 Lesbiam
483 2819 611 2907 scripsit
632 2822 775 2886 carmina
795 2844 900 2908 pauca
920 2830 1046 2888 tantum
1068 2822 1160 2888 abest
1181 2831 1219 2887 ut
1241 2819 1356 2888 amoris

311 2933 551 3024 qualiscumque
566 2945 663 3002 testes
686 2937 759 3020 sint,
780 2948 817 3003 ut
831 2939 932 3004 solam
952 2937 1190 3004 cauillationem
1205 2937 1356 3004 acerbam

311 3060 408 3138 atque
427 3051 538 3138 frigidi
559 3052 657 3118 animi
677 3055 949 3142 contemptionem
973 3055 1105 3141 spirent.
1148 3055 1241 3121 illam
1263 3054 1356 3121 cauil-

309 3165 459 3233 lationem
485 3168 605 3235 catulli
626 3180 742 3235 natura
764 3173 856 3259 quasi
871 3172 1068 3260 postulabat.
1112 3172 1234 3237 etenim
1250 3181 1354 3260 poeta,

311 3283 458 3369 quotiens
486 3307 580 3350 omne
608 3308 700 3350 suum
729 3287 870 3351 studium
902 3297 935 3353 et
963 3309 1105 3352 amorem
1127 3296 1161 3352 et
1182 3287 1357 3354 amicitiam

310 3401 351 3465 ab
383 3399 520 3486 ingratis
550 3412 582 3468 et
613 3402 745 3489 perfidis
780 3402 965 3469 hominibus
994 3396 1132 3490 turpiter
1160 3405 1297 3492 neglegi
1327 3412 1358 3469 et

310 3514 433 3602 despici
460 3517 557 3602 uidit,
589 3519 707 3585 totiens
728 3540 792 3585 non
816 3521 894 3586 satis
919 3521 1031 3586 habuit
1053 3518 1168 3585 officiis
1189 3520 1258 3585 auis
1283 3521 1356 3587 fide

309 3631 383 3696 liter
403 3634 590 3719 perfunctus
611 3657 692 3719 esse,
715 3635 772 3701 sed
793 3637 843 3701 ira
867 3647 1000 3724 propter
1022 3637 1163 3702 animum
1189 3636 1356 3703 hominum

309 3749 477 3814 scelestum
497 3751 712 3818 inflammatus
739 3775 805 3819 non
827 3753 916 3841 prius
938 3753 1105 3838 adquieuit
1125 3775 1233 3843 neque
1255 3753 1356 3820 dolori

308 3885 366 3930 suo
381 3866 535 3930 solacium
552 3869 731 3955 repperisse
746 3891 781 3935 ee
798 3869 934 3955 putauit,
957 3869 1061 3935 donec
1075 3871 1223 3937 homines
1245 3872 1295 3938 illi
1311 3872 1356 3937 in·

308 3983 394 4068 grati
412 3973 490 4048 ‘fixi‘
510 3986 685 4051 carminum
715 3982 795 4052 ‘telis
824 3987 1016 4075 supplicium
1046 3983 1218 4054 dedissent'
1245 4011 1355 4076 graue.

308 4098 417 4186 itaque
439 4097 585 4166 Catullus
614 4124 685 4167 cum
709 4124 727 4167 e
749 4103 905 4191 Bithynia
931 4104 1118 4171 reuertisset
1151 4114 1185 4171 et
1215 4104 1354 4173 Romam

308 4217 468 4298 uenisset,
499 4217 544 4283 ibi
575 4240 634 4305 per
660 4220 780 4285 amicos
809 4221 933 4287 audiuit
963 4244 1062 4308 quam
1091 4223 1227 4312 egregie
1255 4244 1355 4312 nuper
