3342 5200
593 686 618 738 V
651 687 700 739 Dii
717 688 897 741 mentisve
913 687 1067 741 curvam
1314 694 1364 745 ηδ

315 852 373 917 sed
395 860 522 939 tempus
544 852 623 918 illud
644 853 724 919 felix
747 853 853 921 subito
880 865 984 921 morte
1003 854 1111 922 fratris
1132 856 1289 923 carissimi
1310 859 1364 924 ab·

314 977 446 1055 ruptum
468 992 505 1034 ac
527 969 653 1035 finitum
674 991 753 1055 esse,

417 1135 508 1200 caiae
528 1160 583 1224 epo
604 1136 726 1201 interim
747 1148 808 1202 tota
829 1138 982 1202 demente
1001 1136 1125 1225 fnpaai

456 1253 527 1316 buce
547 1253 647 1317 stadia
669 1262 758 1338 anper
778 1253 876 1317 omnia
896 1253 1028 1317 delicias
1048 1257 1152 1335 animi,

314 1454 414 1519 quam
448 1434 489 1497 ob
512 1456 580 1499 rem
609 1435 673 1501 iam
700 1434 779 1500 nihil
800 1457 835 1501 se
857 1456 896 1501 eo
916 1435 1113 1502 commoneri
1133 1435 1222 1521 quod
1242 1434 1362 1501 amicus

314 1551 424 1617 Roma
435 1551 599 1617 Veronam
617 1552 687 1637 (ubi
701 1562 771 1618 tum
784 1561 882 1640 poeta
895 1553 1097 1637 morabatur)
1112 1551 1275 1640 scripserit
1286 1552 1363 1619 Les-

314 1665 403 1732 biam
419 1689 454 1733 se
471 1666 538 1755 ipso
554 1690 574 1732 a
588 1668 694 1733 Roma
708 1668 841 1734 absente
857 1690 930 1733 cum
944 1690 1009 1733 uno
1024 1690 1153 1756 quoque
1167 1664 1217 1734 ‘de
1231 1670 1364 1735 meliore

314 1784 401 1849 nota'
424 1806 634 1849 consuescere
655 1806 663 1847 ε
684 1784 747 1850 iam
780 1786 864 1849 enim
895 1785 958 1849 hoc
978 1784 1130 1850 miserum
1152 1785 1282 1873 quidem
1303 1809 1363 1852 nee

313 1920 393 1965 uero
413 1899 476 1965 sibi
497 1909 592 1987 turpe
612 1921 683 1965 esse
705 1924 712 1965 :
734 1899 885 1966 miserum
909 1900 997 1989 quod
1015 1900 1189 1967 dolendum
1204 1902 1362 1985 Clodiam,

312 2015 482 2082 mulierem
503 2016 578 2081 olim
600 2016 767 2083 honestam
790 2027 822 2083 et
844 2041 887 2083 ex
909 2028 1008 2106 gente
1029 2018 1227 2085 nobilissima
1248 2030 1362 2103 ortam,

313 2154 448 2220 prorsus
477 2156 496 2197 a
522 2132 640 2199 uirtute
672 2133 864 2218 desciuisse,
904 2156 1011 2222 neque
1040 2144 1148 2201 tamen
1178 2135 1239 2201 sibi
1267 2145 1362 2224 turpe

314 2270 401 2332 esse,
434 2250 511 2337 quia
533 2271 730 2337 quamquam
752 2251 952 2337 temporibus
974 2251 1136 2338 prioribus
1157 2274 1267 2317 amoro
1289 2275 1362 2317 cum

311 2366 448 2432 muliere
467 2366 522 2432 illa
542 2366 729 2451 deuinctus,
759 2367 823 2433 iam
846 2367 956 2433 dolore
977 2368 1017 2433 de
1036 2368 1145 2434 fratris
1165 2379 1270 2435 morte
1290 2391 1362 2457 per·

312 2506 427 2549 cussus
455 2484 496 2549 ab
525 2484 611 2549 omni
642 2482 771 2549 amandi
803 2484 909 2551 studio
938 2494 971 2551 et
999 2485 1161 2551 aLesbia
1179 2485 1305 2574 pridem
1326 2509 1361 2551 se

310 2601 524 2667 reuocauerit.
574 2600 661 2666 unde
692 2600 849 2689 adparere
882 2624 924 2668 ex
956 2624 995 2668 eo
1027 2602 1115 2691 quod
1145 2602 1209 2668 iam
1241 2604 1361 2671 Lesbia

310 2740 385 2783 cum
408 2717 553 2805 quolibet
573 2740 608 2784 se
630 2706 801 2806 prostituat
822 2719 884 2786 sibi
905 2719 1057 2786 infamiae
1078 2719 1249 2806 quicquam
1270 2723 1360 2786 nasci

310 2857 377 2900 non
398 2855 506 2921 posse.
549 2833 690 2921 explicat
710 2834 830 2921 igitur,
865 2844 902 2900 ut
933 2835 1092 2919 uidimus,
1124 2836 1187 2902 hoc
1217 2836 1359 2904 carmine

310 2960 409 3040 poeta
446 2973 588 3016 amorem
622 2953 843 3018 renuntiatum
877 2951 954 3017 inde
995 2954 1082 3040 quod
1122 2953 1246 3018 animus
1282 2977 1359 3019 suus

310 3068 422 3134 dolore
451 3068 642 3155 grauissimo
672 3069 817 3135 adfectus
845 3068 1006 3136 amoribus
1034 3079 1067 3135 et
1087 3069 1230 3136 lactitiae
1251 3093 1285 3137 se
1308 3071 1359 3137 de·

310 3184 389 3250 dere
421 3185 571 3273 inpotens
607 3184 715 3251 fuerit.
776 3208 859 3274 quae
896 3186 1069 3273 explicatio
1108 3196 1225 3274 poetae
1259 3187 1358 3273 ipsius

308 3323 427 3368 uereor
448 3311 484 3367 ut
505 3303 593 3367 omni
615 3324 657 3368 ex
671 3312 764 3389 parte
785 3305 882 3369 rebus
898 3304 976 3392 ipsis
991 3314 1066 3390 apta
1088 3313 1120 3370 et
1141 3313 1358 3371 consentanea

309 3418 361 3485 sit.
405 3418 507 3485 multo
529 3428 642 3485 contra
663 3419 732 3485 ucri
755 3418 890 3486 similius
912 3421 942 3486 ei
962 3421 1018 3509 qui
1032 3420 1258 3509 praecedentia
1272 3423 1358 3510 apud

311 3557 346 3602 se
378 3536 542 3624 reputauit
570 3535 732 3602 uidebitur
764 3535 943 3620 Catullum,
976 3537 1028 3602 cui
1048 3538 1172 3604 Manlio
1194 3548 1228 3604 et
1248 3561 1358 3605 ueram

310 3653 433 3718 amoris
461 3652 601 3718 Lesbiae
631 3653 769 3741 depositi
799 3676 946 3720 caussam
976 3655 1121 3742 profiteri
1147 3666 1180 3722 et
1208 3656 1264 3723 illo
1298 3655 1359 3722 sibi

309 3779 443 3859 propter
469 3770 555 3835 idem
585 3769 753 3835 discidium
782 3769 1000 3837 infelicissimo
1021 3781 1167 3859 tempore
1185 3774 1358 3862 inportune

309 3885 435 3976 petenti
450 3887 528 3952 satis
543 3887 652 3953 facere
667 3909 768 3975 graue
790 3899 823 3954 et
844 3889 1016 3954 molestum
1029 3889 1101 3972 tuit,
1122 3891 1358 3956 recusationem

308 4025 401 4070 snam
423 4003 535 4069 dolore
557 4003 597 4069 de
611 4003 720 4069 fratris
742 4014 845 4070 morte
861 4014 970 4070 uetere
986 4027 1082 4092 quam
1098 4005 1145 4090 (id
1161 4007 1247 4093 quod
1264 4006 1357 4074 unice

308 4143 422 4188 uemm
443 4118 571 4204 fideret)
596 4121 706 4187 dolore
727 4122 850 4187 recenti
868 4144 909 4188 ex
924 4120 1063 4188 Lesbiae
1078 4123 1212 4210 repudio
1228 4124 1356 4191 residuo

308 4259 467 4307 excusare
495 4237 658 4304 maluisse.
706 4238 845 4325 denique
875 4239 931 4304 illa
965 4238 1115 4306 Veronae
1146 4241 1355 4307 commoratio
