3342 5200
574 659 653 711 XIIII
686 661 734 712 Dll
752 659 861 712 Aemo
1194 667 1244 715 323

193 831 318 899 diarum
335 831 502 918 praecipue
530 833 695 913 scriptores
717 828 751 894 a'n
772 827 927 894 uetnibus
947 829 1035 894 turn
1054 829 1243 896 insanimus.

191 947 328 1018 Latinos
358 955 483 1014 constat
512 946 577 1010 iam
607 943 682 1010 inde
714 945 755 1010 ab
784 944 1013 1032 antiquissimis
1041 947 1242 1034 temporibus

192 1067 421 1156 aspirationem
444 1085 541 1152 quam
557 1061 760 1149 grammatici
774 1061 886 1128 dieunt
901 1083 942 1128 ex
957 1062 1136 1129 hereditate
1149 1065 1243 1132 Indo·

191 1205 355 1272 europaeo
375 1181 450 1248 olim
469 1183 501 1246 in
529 1179 657 1248 Italiam
682 1190 906 1268 conportatam
933 1181 1094 1267 deponere
1121 1183 1243 1269 paulla-

192 1304 252 1369 tim
280 1311 314 1368 et
342 1299 459 1366 sensim
482 1297 699 1364 'consueuisse
721 1319 729 1361 τ
750 1299 922 1386 praecipue
943 1297 1100 1381 Romani,
1130 1308 1244 1386 postea

193 1439 293 1509 quam
313 1417 429 1484 litteris
451 1437 582 1503 operam
605 1416 683 1481 dare
704 1424 896 1502 coeperunt,
927 1415 1118 1482 urbanitatis
1146 1438 1243 1505 quam

193 1537 406 1604 nominabant
434 1530 656 1599 studiosissimi
683 1553 747 1619 quo
773 1533 879 1618 magis
905 1531 1048 1619 linguam
1075 1557 1166 1600 suam
1189 1557 1243 1601 ex·

194 1653 349 1734 colerent,
369 1673 408 1717 eo
431 1648 615 1736 diligentius
636 1642 760 1714 ‘leniter
781 1658 814 1716 et
834 1643 960 1715 leuiter'
981 1649 1038 1734 (cf.
1054 1669 1192 1716 nxxxun
1207 1652 1243 1739 8)

151 1811 154 1818 -
192 1768 483 1858 pronuntiauerunt
509 1776 542 1832 et
571 1766 612 1831 ab
635 1765 829 1854 aspiratione
851 1789 948 1855 quam
969 1767 1111 1833 maxime
1132 1768 1244 1835 abhor-

193 1896 330 1954 ruerunt
348 1885 600 1962 uehementiore,
621 1906 686 1973 qua
704 1885 755 1950 usi
769 1883 909 1949 Romani
923 1885 1123 1973 antiquiores
1136 1887 1243 1972 graui·

192 2013 244 2070 ter
272 2013 305 2070 et
330 2024 444 2090 aspere
474 2002 693 2092 loquebantur
726 2023 890 2089 quamque
917 2025 991 2067 cum
1021 2002 1133 2068 rustici
1154 2002 1244 2068 urbis

193 2121 364 2208 elegantiis
385 2142 450 2186 non
467 2119 574 2186 inbuti
593 2129 662 2186 tum
685 2119 836 2202 feminae,
861 2119 1063 2207 antiquitatis
1076 2118 1244 2206 incorrup-

192 2239 286 2305 tioris
308 2236 468 2319 custodes,
491 2245 523 2302 et
538 2238 679 2304 rusticae
695 2246 728 2304 et
748 2237 892 2303 urbanae
913 2235 1040 2302 fidelius
1060 2238 1243 2304 seruabant

193 2364 228 2422 at
249 2365 358 2423 tamen
379 2354 579 2443 temporibus
598 2351 766 2420 Ciceronis
789 2363 821 2420 et
839 2352 960 2421 Catulli
981 2353 1164 2419 hominibus
1183 2375 1244 2418 nec

193 2471 307 2562 paucis
337 2493 443 2559 neque
472 2471 609 2538 indoctis
644 2471 871 2560 antiquitatem
902 2471 994 2558 quasi
1024 2469 1242 2556 robiginosam

195 2589 357 2681 quandam
378 2589 412 2654 in
432 2590 597 2679 loquendo
617 2589 799 2678 exprimere
815 2586 944 2677 placuit
989 2610 1053 2677 quo
1074 2587 1115 2654 de
1135 2587 1242 2655 studio

194 2710 305 2797 inepto
334 2707 449 2775 (licere
481 2706 536 2793 (de
558 2716 687 2772 oratore
705 2728 735 2771 ιιι
759 2707 795 2769 11
818 2706 875 2789 42)
897 2704 937 2771 L.
961 2704 1116 2772 Crassum
1139 2713 1243 2770 erato

194 2848 262 2891 rem
283 2825 329 2890 ita
349 2826 462 2913 pulcre
483 2832 698 2912 exponentem
719 2823 795 2889 lecit
815 2846 823 2887 :
846 2837 891 2889 eat
909 2836 1011 2889 autem
1031 2824 1142 2889 uiuum
1162 2824 1245 2908 quod

193 2966 254 3009 non
273 2943 358 3009 nulli
374 2944 411 3007 de
425 2943 577 3009 tmeseia
592 2952 806 3007 consecuntur.
848 2942 967 3007 ranna
987 2963 1046 3006 noa
1066 2952 1095 3006 at
1112 2944 1243 3029 aptastis

78 3096 79 3119 ι
193 3062 341 3147 ῳωιᾰαιιι
354 3060 550 3147 delectatque
565 3060 664 3145 mopsi
677 3059 896 3145 antiquitatem,
916 3060 948 3124 ai
963 3064 1007 3123 ita
1028 3069 1119 3136 sonet,
1138 3079 1242 3122 eastun

194 3202 292 3245 sunno
312 3182 439 3243 renunc
458 3176 602 3242 uideatur
622 3199 630 3243 t
651 3188 684 3241 ut
703 3188 790 3254 tuus,
814 3174 937 3257 Catule,
958 3177 1070 3240 ιοάαὶίιι
1090 3174 1130 3239 L
1157 3172 1244 3239 Getta

195 3294 251 3381 (ef.
273 3293 409 3375 Quintil.
429 3293 504 3359 inst.
527 3315 560 3359 xi
581 3294 602 3361 3
626 3294 679 3375 10)
699 3295 838 3381 paudere
865 3292 1075 3358 aninumr
1093 3295 1244 3377 praedatu

78 3468 79 3483 ι
194 3412 319 3501 ibiquae
340 3434 469 3498 sonoque
489 3412 577 3477 uocis
600 3411 734 3501 aptasti,
756 3422 784 3476 et
803 3409 887 3476 allud
906 3412 988 3496 qued
1007 3410 1140 3496 loquetur
1156 3409 1241 3493 pra‘s·

196 3552 268 3594 eum
287 3532 385 3593 uisum
399 3530 444 3593 s‘rs'
454 3540 553 3613 putat,
575 3528 610 3593 si
624 3528 720 3613 plane
732 3528 825 3610 fiterit
837 3528 1042 3592 rusticanam.
1077 3549 1126 3592 nac
1145 3536 1243 3590 aedem

194 3659 264 3712 tuns
286 3668 379 3711 sonus
392 3657 421 3709 et
434 3645 581 3710 subtilitas
599 3649 655 3709 istu
670 3644 805 3722 delectat,
827 3644 927 3709 amabo
941 3646 1114 3720 uerborum,
1135 3665 1242 3729 muana·
1260 3633 1264 3637 ¹

194 3787 289 3853 φιαιιι
308 3762 363 3829 boa
384 3775 428 3829 est
448 3776 540 3850 eaput
558 3788 569 3828 .·
588 3786 697 3829 naum
717 3762 751 3828 id
770 3760 877 3849 adfert
894 3766 981 3843 ratio,
1002 3763 1105 3827 docent
1120 3761 1242 3835 btteraa

194 3882 359 3965 confirmat
378 3884 558 3947 consuetudo
577 3894 605 3945 et
623 3880 750 3970 lependa'
767 3892 794 3944 et
814 3878 962 3967 loquendi
976 3902 987 3943 .·
1001 3879 1055 3942 sed
1073 3875 1154 3940 bana
1174 3876 1244 3942 ἀίω

194 4000 379 4065 manetem
401 4020 479 4083 quac
500 4002 559 4061 an't
577 4020 618 4061 en
638 4020 706 4079 ore,
727 4018 804 4083 quae
824 3996 952 4083 quidem
972 4007 1006 4060 ut
1033 3995 1119 4079 apud
1139 3994 1243 4059 Grae·

194 4140 247 4183 cos
268 4115 440 4181 Atticorum
461 4115 507 4179 ιιι
526 4118 556 4179 in
573 4112 688 4179 Latino
708 4136 844 4179 samone
863 4113 955 4178 busita
976 4124 1021 4177 eat
1039 4114 1123 4177 aubia
1145 4111 1243 4176 mari·

194 4257 243 4299 mc
278 4233 413 4319 propriis
470 4232 549 4297 haec
580 4229 706 4295 illorum
741 4228 823 4295 ratio
859 4228 1085 4315 pronuntiandi
1122 4236 1243 4313 quanto

786 4372 788 4379 ,
971 4328 1011 4393 21
1026 4329 1045 4368 ¹⁸¹
