3342 5200
413 626 462 677 190
613 622 690 673 Vllll
724 622 772 672 ΒΕ
789 620 947 672 CAESARE
965 621 1257 674 ercammarus

412 811 498 871 esse,
541 788 655 854 deinde
690 798 861 875 utrumque
896 788 1081 855 morbosum
1115 811 1205 872 esso,
1241 810 1342 876 porro
1369 837 1377 853 .
1402 835 1409 851 .
1433 778 1458 865 .'‚

412 928 495 994 quae
523 904 656 992 Hauptii
678 904 727 990 (in
754 906 1013 972 obseruationum
1043 905 1228 970 criticorum
1250 928 1284 991 p.
1307 905 1365 989 39)
1393 926 1458 968 sen·

410 1022 512 1088 tentia
540 1023 610 1088 fuit.
653 1042 758 1108 neque
786 1020 819 1085 id
847 1019 979 1108 probari
1004 1030 1112 1107 potest
1139 1020 1227 1108 quod
1248 1020 1391 1108 Vulpius
1413 1044 1457 1086 ar·

410 1138 547 1206 bitratus
569 1149 617 1204 est
639 1135 812 1203 Caesarem
833 1137 966 1221 Romae,
994 1136 1131 1204 Formiis
1152 1160 1231 1204 uero
1253 1137 1456 1203 Mamurram

410 1255 549 1321 maculas
576 1254 636 1321 sibi
664 1276 739 1318 suas
767 1254 982 1335 contraxisse,
1015 1277 1088 1320 oum
1118 1264 1223 1321 totum
1251 1276 1386 1320 carmen
1416 1251 1455 1318 ad

409 1373 577 1460 utriusque
619 1370 864 1436 contubernium
907 1370 1055 1436 intimum
1097 1381 1231 1458 spectet
1286 1382 1455 1458 praeterea

410 1500 534 1570 autem,
569 1500 604 1555 ut
624 1489 657 1553 in
679 1489 822 1554 carmine
844 1487 1024 1554 enarrando
1046 1511 1218 1576 pergamus
1225 1536 1235 1570 ,
1265 1487 1294 1553 si
1315 1488 1453 1577 patriam

411 1605 571 1671 diuersam
605 1605 807 1688 omittamus,
852 1604 979 1692 utrique
1012 1604 1119 1671 omnia
1153 1607 1339 1670 communia
1375 1628 1452 1687 esso,

410 1722 545 1811 primum
572 1746 631 1809 par
651 1722 787 1789 fratrum
810 1722 981 1810 gemellum
1010 1722 1181 1807 (namhoc
1204 1723 1336 1788 nomine
1361 1744 1452 1810 prop

410 1851 460 1907 ter
486 1841 615 1905 nimiam
640 1862 766 1905 morum
794 1839 1032 1904 similitudinem
1058 1838 1136 1905 istos
1168 1839 1359 1906 coniunctos
1386 1860 1451 1903 esse

409 1958 526 2043 uideri)
556 1957 703 2023 certatim
736 1956 903 2021 muliebria
933 1955 1017 2042 pati,
1050 1955 1165 2021 deinde
1208 1966 1384 2045 utrumque
1420 1955 1450 2020 in

410 2076 523 2141 eodem
542 2074 626 2141 lecto
647 2074 865 2140 lucubratorio
888 2075 967 2161 (quo
988 2074 1111 2140 utinam
1131 2073 1174 2140 ad
1193 2074 1367 2141 nefandam
1386 2074 1451 2140 libi·

410 2190 516 2258 dinem
532 2190 723 2279 explendam
737 2213 779 2256 ne
795 2190 985 2275 abutantur)
999 2189 1187 2273 litterarum,
1209 2188 1236 2255 si
1250 2190 1300 2256 dis
1315 2191 1450 2279 placeat,

408 2307 591 2375 incumbere
613 2308 727 2374 studiis
746 2329 859 2395 parum
881 2306 1055 2390 eruditum,
1083 2329 1181 2395 porro
1202 2317 1379 2398 utrumque
1401 2309 1450 2374 ad·

409 2427 547 2492 ultorum
577 2423 791 2490 insatiabilem
821 2445 909 2506 esse,
937 2423 1087 2513 denique
1115 2424 1149 2489 in
1184 2425 1304 2490 eisdem
1337 2424 1450 2514 puellis

406 2542 550 2612 amandis
571 2542 688 2609 riuales
704 2563 783 2626 esse,
805 2564 911 2631 neque
924 2552 1041 2627 tamen,
1064 2551 1101 2609 ut
1114 2542 1184 2608 fieri
1198 2542 1310 2626 soleat,
1331 2543 1449 2610 riuales

406 2662 466 2728 sibi
492 2661 655 2737 inimicos,
687 2662 742 2727 sed
765 2660 883 2727 riuales
903 2660 1023 2744 socios,
1052 2661 1115 2726 hoo
1136 2671 1185 2726 est
1205 2658 1348 2726 amicitia
1368 2659 1450 2726 inter

406 2802 441 2846 se
455 2779 665 2844 consociatos.
695 2778 766 2843 ideo
778 2779 923 2864 profecto
935 2778 1077 2844 cinaedis
1090 2777 1160 2843 istis
1174 2777 1257 2843 bene
1265 2777 1448 2843 conuenire

405 2918 518 2963 uersus
534 2895 611 2960 noni
626 2895 870 2982 explicationem
886 2895 1082 2982 aScaligero
1099 2904 1263 2961 mutuatus
1283 2917 1366 2960 sum.
1398 2916 1450 2959 ne

406 3035 468 3100 que
483 3014 568 3078 enim
584 3035 656 3078 oum
667 3013 811 3099 Hauptio
823 3013 871 3098 (in
884 3013 1144 3079 obseruationum
1155 3012 1340 3078 criticorum
1353 3033 1386 3099 p.
1395 3011 1449 3094 41)

405 3129 511 3195 facere
538 3152 685 3218 possum,
717 3129 772 3216 qui
799 3129 1002 3196 artificiosius
1023 3154 1118 3219 quam
1140 3127 1248 3196 uerius
1269 3153 1343 3196 cum
1365 3129 1449 3194 Doe

404 3243 509 3332 ringio
529 3237 697 3312 ‘riualium’
717 3269 829 3313 uocem
859 3247 900 3313 ad
927 3248 1091 3315 muliebris
1120 3248 1298 3335 patientiae
1328 3247 1448 3312 crimen

404 3362 527 3429 rettulit
555 3373 586 3429 et
613 3354 792 3430 ‘sociorum'
812 3365 1006 3430 uocabulum
1026 3359 1225 3430 ‘amatorum'
1246 3387 1328 3431 uoce
1351 3363 1448 3452 expli·

405 3479 500 3545 cauit.
542 3503 584 3573 ne
605 3480 733 3567 longior
754 3482 813 3547 sim
836 3494 944 3548 cetera
958 3482 1012 3547 alii
1032 3481 1103 3550 loco
1123 3491 1359 3566 reseruaturus‚
1381 3494 1448 3548 tan-

403 3606 472 3662 tum
502 3595 542 3661 ad
571 3598 809 3686 aequabilitatis
837 3600 945 3686 legem
967 3598 1129 3686 quandam
1150 3599 1184 3664 in
1205 3599 1448 3666 enumeratione

403 3711 599 3798 flagitiorum
621 3714 787 3803 utriusque
809 3718 1034 3804 conspicuam,
1057 3739 1121 3804 qua
1142 3715 1316 3804 explicatio
1336 3728 1448 3783 nostra

403 3828 514 3916 pulcre
545 3830 804 3916 commendatur,
827 3832 967 3901 animum
996 3856 1107 3899 eorum
1129 3834 1185 3922 qui
1205 3835 1316 3922 legent
1337 3834 1448 3902 aduer-

402 3953 473 4011 tere
500 3945 604 4012 liceat.
646 3948 763 4013 etenim
791 3949 824 4014 in
855 3972 918 4015 uno
946 3973 1076 4039 quoque
1104 3974 1257 4017 uersuum
1284 3963 1446 4041 quattuor,

403 4083 541 4151 quorum
568 4062 703 4149 singulis
725 4066 854 4152 singula
875 4068 1043 4155 utriusque
1070 4066 1150 4135 uitia
1176 4069 1445 4156 perstringuntur,

404 4176 550 4245 catulus
570 4201 684 4245 uocem
699 4183 838 4269 aliquam
855 4182 1004 4270 adposuit
1018 4207 1083 4271 quo
1099 4187 1344 4271 congruentiam
1363 4192 1445 4256 inter
