3342 5200
424 655 475 706 120
716 649 740 701 V
774 648 823 701 Du
840 645 1020 700 amentavit
1038 645 1198 701 estvm

416 820 463 884 ira
494 815 778 885 uehementissime
809 813 972 882 exardens
1003 814 1037 880 in
1069 813 1158 880 illam
1192 833 1330 880 carmen
1360 831 1468 877 xxxxu

416 936 529 1001 Adeste
550 934 802 1020 hendecasyllabi
820 944 894 1019 qaot
913 931 987 997 estis
1009 928 1157 1017 scripsit,
1183 952 1250 1019 quo
1273 928 1421 995 acerbius
1437 925 1470 992 in

420 1050 567 1119 Clodiam
603 1050 758 1138 scriptum
793 1049 826 1115 in
865 1048 948 1115 libro
983 1046 1166 1114 Catulliano
1211 1069 1280 1113 non
1321 1043 1468 1133 reperias.

419 1168 526 1255 paullo
548 1175 663 1255 postea
694 1187 791 1252 quem
820 1165 927 1232 animo
956 1162 1140 1230 uehementi
1162 1171 1195 1227 et
1215 1162 1303 1228 irato
1328 1160 1468 1229 Catullus

422 1306 550 1350 carmen
571 1306 686 1349 xxxxii
709 1283 847 1369 scripsit,
869 1290 966 1370 poete
988 1281 1131 1346 carmine
1151 1289 1271 1348 octauo
1294 1279 1396 1345 Μῶαν
1416 1278 1469 1344 θα·

421 1402 490 1467 tulle
511 1400 640 1467 desines
661 1401 793 1486 ineptire
813 1399 941 1488 puellae
964 1396 1118 1465 ualedieit
1139 1396 1262 1475 sedete,
1293 1396 1351 1463 sed
1373 1396 1470 1461 itaut

422 1516 517 1583 facile
531 1517 738 1602 intellegatur
753 1526 786 1581 et
800 1514 952 1582 Lesbiam
974 1515 1071 1580 etiam
1093 1522 1162 1580 tum
1177 1535 1197 1578 a
1210 1522 1310 1601 poeta
1324 1512 1470 1580 ardenter

421 1634 523 1698 amari
545 1644 593 1717 et,
620 1634 647 1698 si
670 1632 790 1699 Lesbio
812 1632 911 1699 fidem
933 1632 1085 1720 religiose
1106 1651 1238 1697 seruare
1259 1629 1470 1718 promitteret,

424 1749 587 1816 Catullum
602 1749 842 1838 paratissimum
855 1749 926 1814 fore
948 1748 989 1814 ad
1010 1769 1153 1815 amorem
1174 1746 1469 1835 redintegrandum

423 1869 506 1932 hene
528 1865 677 1933 carminis
705 1866 863 1931 rationem
889 1863 1068 1930 Mauricius
1089 1862 1254 1950 Hauptius
1278 1862 1472 1929 obseruatio·

426 2005 501 2049 num
525 1984 710 2048 criticarum
731 2006 762 2070 p.
777 1983 808 2047 2.
830 1983 851 2047 3
871 1983 922 2047 his
944 1981 1054 2047 uerbis
1068 1981 1152 2047 bene
1173 1980 1352 2068 exposuit:
1366 1979 1402 2046 ia
1421 1978 1471 2045 lsoc

426 2100 600 2165 dulcissimo
621 2104 756 2165 carmine
777 2100 853 2164 dem
880 2122 914 2164 se
934 2109 1061 2164 reuocet
1074 2108 1169 2184 poeto
1189 2121 1210 2161 a
1231 2097 1347 2163 misero
1367 2117 1473 2180 amore,

427 2240 485 2281 non
507 2228 606 2282 tomen
627 2240 742 2294 omnem
763 2240 843 2303 spem
866 2214 1076 2301 recuperandi
1097 2238 1133 2279 eo
1159 2236 1240 2300 qaue
1255 2218 1420 2308 perierunt
1437 2217 1475 2278 ἃ

427 2332 541 2398 obiecit
554 2346 587 2397 et
600 2334 742 2398 obiecisse
756 2334 859 2397 uideri
870 2334 944 2415 uult,
965 2356 1019 2396 nec
1036 2344 1098 2396 torn
1110 2332 1261 2396 obstinata
1276 2342 1375 2396 mente
1388 2327 1474 2396 obda-

426 2461 476 2513 rot
497 2472 589 2536 quam
611 2449 649 2513 de
667 2473 698 2514 se
710 2449 881 2534 praedicet.
925 2472 1021 2535 quere
1033 2449 1144 2513 malms
1158 2459 1204 2513 eet
1219 2449 1256 2513 in
1277 2445 1475 2513 mouenda

429 2565 553 2631 relicere
574 2590 595 2631 a
616 2589 648 2631 se
666 2567 786 2652 puellae
806 2567 889 2633 tristi
909 2566 1072 2632 solitudine
1093 2577 1180 2652 atque
1193 2565 1228 2631 ia
1237 2568 1314 2650 fine
1335 2564 1476 2632 cmmiaie

429 2683 538 2747 iterem
560 2706 628 2749 sese
647 2696 679 2748 et
699 2683 828 2748 obderet
848 2683 1040 2748 adhortatur.

512 2798 557 2864 Et
576 2798 720 2887 profecto
743 2801 850 2864 subito
872 2800 905 2864 in
927 2822 1039 2866 amore
1054 2800 1175 2867 Catulli
1190 2799 1302 2864 omnia
1324 2818 1478 2864 converse

434 2925 508 2981 sunt
538 2939 545 2980 :
578 2914 875 2991 reconciliationem
908 2917 994 2981 inter
1025 2903 1171 2982 amantes
1202 2915 1384 3003 perfectam
1417 2935 1480 2980 esse

433 3032 725 3098 animaduertimus.
769 3054 854 3119 quae
876 3055 933 3097 our
946 3034 1035 3100 facta
1055 3035 1106 3116 sit,
1127 3042 1237 3099 utrum
1258 3033 1480 3120 indignatione

433 3148 615 3216 uehementi
644 3172 708 3237 qua
741 3172 870 3216 carmen
899 3174 1014 3216 xxxxn
1041 3152 1146 3216 feruet
1174 3149 1298 3216 Lesbia
1328 3159 1421 3215 mota
1445 3147 1483 3213 sit

434 3275 470 3331 ut
500 3266 541 3331 ad
574 3264 737 3332 Catullum
768 3267 888 3333 rediret
920 3291 961 3332 an
993 3267 1152 3334 desiderio
1181 3276 1267 3332 tecto
1302 3266 1393 3356 quod
1419 3287 1483 3332 ear·

435 3404 508 3448 men
529 3407 582 3449 vnr
605 3383 705 3471 spirat
726 3406 766 3448 an
789 3385 867 3472 quia
888 3407 964 3450 casu
996 3384 1108 3450 diebus
1128 3382 1194 3450 illis
1216 3384 1422 3450 amatoribus
1440 3382 1483 3448 in·

437 3497 505 3563 uita
537 3500 637 3566 caruit
648 3551 657 3584 ,
692 3501 772 3566 haee
804 3503 935 3587 quidem
964 3502 1073 3567 omnia
1107 3504 1310 3589 ignorantur.
1353 3502 1485 3568 tertium

437 3611 536 3697 igitur
568 3640 671 3705 genus
703 3617 882 3683 carminum
913 3617 1037 3684 secerni
1064 3627 1171 3706 potest
1197 3641 1310 3684 eorum
1340 3642 1428 3705 quae
1446 3617 1485 3685 ad

438 3731 580 3818 tempora
608 3735 733 3801 discidii
762 3735 849 3802 inter
880 3745 1026 3802 amantes
1057 3734 1176 3803 sublati
1203 3736 1379 3802 referenda
1401 3745 1484 3803 sunt.

440 3852 729 3919 reconciliationem
745 3853 923 3921 amantium
939 3854 973 3919 in
987 3854 1100 3941 primis
1114 3874 1245 3918 carmen
1259 3872 1323 3920 ovn
1338 3863 1485 3936 testatur,

440 3963 527 4038 q1¹⁰d
548 3970 689 4055 pulcrius
711 3981 742 4036 et
764 3972 933 4037 uenustius
955 3980 1003 4037 est
1024 3976 1123 4059 'quam
1146 3978 1183 4034 ut
1203 3970 1266 4035 boe
1287 3971 1361 4037 loco
1386 3969 1486 4038 excri-

437 4064 578 4151 bendum
598 4109 663 4155 nen
685 4090 808 4155 ducam.
