3342 5200
311 683 360 736 12⁴
604 680 628 732 V
662 681 712 734 Dll
729 678 909 734 MORIBVS
927 678 1085 732 curvum

409 872 472 915 una
493 848 582 916 salac
601 850 677 916 llaec
699 858 751 930 eat,
775 847 834 912 ltec
856 858 900 912 eat
918 845 976 911 aba·
985 845 1238 932 miscendum
1258 868 1267 911 ε

458 968 514 1031 loc
536 968 649 1042 foder,
672 968 740 1029 circe
762 963 800 1028 o'd
819 986 880 1027 non
897 974 967 1049 pote
987 966 1053 1027 erice
1070 974 1152 1046 pote.

310 1128 348 1172 eo
370 1127 405 1171 se
426 1107 609 1173 consolatus
625 1105 713 1193 quod
733 1126 861 1193 semper
875 1125 954 1190 erga
968 1103 1121 1169 Lesbiam
1135 1102 1229 1190 pium
1242 1113 1276 1168 et
1289 1102 1360 1169 fide·

309 1225 427 1289 lemae
456 1222 654 1310 praestiterit
680 1243 786 1309 neque
809 1219 1085 1287 admonitionibus
1108 1218 1272 1286 beniuolis
1297 1241 1359 1284 um·

311 1362 407 1428 quarn
428 1338 608 1428 pepercerit
628 1347 743 1427 poeta,
774 1360 847 1403 cum
867 1336 1037 1423 intellegat
1057 1358 1189 1402 omnem
1211 1336 1310 1403 fidem
1330 1347 1359 1401 et

309 1479 404 1523 omne
425 1458 542 1523 amoris
564 1456 706 1522 studium
727 1455 848 1521 frustra
869 1476 890 1519 a
909 1477 944 1520 sc
965 1462 1196 1541 consumptum
1217 1476 1300 1538 esse,
1320 1452 1358 1520 ad

310 1596 344 1640 se
365 1575 471 1662 ipsum
493 1595 669 1640 conuersus
691 1571 745 1654 ait,

486 1714 670 1801 quarelam
691 1726 718 1778 tc
739 1736 796 1777 cur
816 1712 953 1798 ampitio
974 1712 1165 1777 erenwiee?

309 1855 427 1920 deinde
442 1856 519 1920 deos
540 1856 691 1943 inploret,
714 1854 807 1942 quasi
829 1877 865 1920 se
885 1854 989 1942 ipsum
1009 1854 1113 1919 solnm
1133 1852 1269 1941 negotio
1291 1853 1358 1919 hnic

310 1972 478 2038 subeundo
501 1994 566 2037 non
588 1972 664 2038 satis
685 1971 837 2037 idoneum
860 1979 893 2036 et
921 1969 1065 2037 ualidum
1086 1980 1201 2059 putet,
1232 1980 1272 2037 ut
1301 1970 1357 2036 sibi

307 2084 443 2176 ‘pestem
464 2097 497 2154 et
516 2082 699 2175 perniciem‘
724 2088 813 2153 illam
835 2086 983 2175 eripiant.
1026 2109 1091 2175 quo
1120 2086 1209 2155 facto
1230 2110 1357 2155 carmen

310 2206 455 2271 uersibus
476 2204 525 2269 his
546 2204 665 2283 finitur,

393 2370 452 2412 noa
472 2351 533 2409 iam
553 2345 632 2410 illud
651 2367 765 2432 quaero
787 2356 895 2410 corrtm
915 2355 947 2407 at
966 2367 1013 2409 me
1033 2344 1144 2431 delique
1162 2345 1222 2410 illa

458 2473 518 2544 cul,
541 2461 623 2548 quod
642 2485 702 2526 nore
720 2461 801 2547 potis
822 2472 876 2543 eet,
899 2485 963 2526 esse
981 2463 1100 2547 predica
1121 2464 1227 2527 cetis:

410 2581 480 2665 ipae
499 2579 602 2643 colen
622 2589 688 2664 opto
709 2589 737 2642 et
759 2589 886 2671 taetram
907 2579 1053 2664 deponere
1073 2577 1221 2646 morbum.

460 2720 476 2760 o
498 2695 543 2778 di,
565 2694 681 2761 reddite
700 2700 745 2760 mi
763 2699 817 2761 loc
834 2718 896 2781 pro
912 2700 1024 2782 pietate
1043 2719 1120 2761 mea.

311 2836 420 2923 paullo
440 2848 514 2926 post
535 2846 591 2903 aut
612 2836 723 2924 paullo
744 2847 819 2904 ante
841 2859 938 2924 quam
956 2860 1086 2904 carmen
1107 2856 1211 2903 nxxvr
1234 2835 1360 2926 scripsit

312 2953 459 3020 Catullus
473 2975 605 3020 carmen
620 2970 735 3019 nxvur·
749 2956 804 3035 (=
820 2975 922 3020 nxvur
939 2955 1054 3033 1-40)
1070 2954 1157 3020 fecit.
1188 2954 1360 3021 cumcuim

312 3069 452 3135 Manlius
480 3069 611 3157 quidam
639 3091 697 3157 per
727 3071 899 3156 epistulam
921 3069 1085 3137 Catullum
1112 3072 1302 3158 rogauisset
1327 3078 1362 3135 ut

313 3210 347 3252 so
379 3187 477 3253 uariis
509 3188 604 3252 rebus
640 3185 803 3254 adflictum
834 3187 1031 3254 carminibus
1062 3188 1230 3255 amatoriis
1261 3198 1361 3254 trans·

311 3304 417 3369 missis
451 3304 592 3390 quodam
628 3303 725 3369 modo
759 3305 980 3371 consolaretur
1009 3318 1043 3372 et
1070 3307 1233 3393 erigeret,
1268 3315 1362 3395 poeta

310 3421 412 3488 amico
433 3421 598 3509 respondit
620 3443 664 3504 se,
686 3442 762 3486 cum
783 3443 849 3487 non
874 3421 1050 3491 minoribus
1077 3444 1176 3509 quam
1201 3421 1257 3489 ille
1279 3424 1360 3490 cala·

308 3537 472 3606 mitatibus
495 3537 730 3624 opprimeretur
747 3538 825 3626 ipsc,
846 3537 998 3626 precibus
1020 3537 1136 3605 Manlii
1157 3540 1235 3606 satis
1254 3543 1360 3609 facere

309 3678 374 3721 non
395 3675 500 3743 posse.
543 3655 704 3742 prioribus
721 3654 851 3744 quidem
871 3658 1071 3745 temporibus
1085 3657 1192 3744 magis
1207 3657 1360 3724 idoneum

311 3795 346 3837 se
366 3770 463 3837 fuisse
485 3773 680 3838 carminibus
702 3772 867 3838 amatoriis
888 3773 1136 3862 conponendis:
1157 3796 1235 3839 nam

409 3902 542 3974 tempore
563 3913 623 3976 quo
640 3891 776 3975 primum
795 3895 891 3955 cestu
912 3891 991 3956 milri
1008 3891 1126 3956 trosleio
1144 3904 1266 3977 purast,

460 4006 625 4070 iucundum
648 4029 718 4070 cum
741 4017 827 4070 aeica
847 4005 967 4089 floralia
986 4029 1039 4070 uer
1060 4019 1171 4093 apere,

410 4121 508 4187 multo
528 4122 605 4186 sarab
625 4122 688 4186 rusi
705 4144 716 4186 .·
734 4144 795 4188 reon
817 4134 861 4187 ert
880 4124 938 4187 dec
958 4123 1070 4189 nescia
1090 4127 1194 4191 nosos·

459 4260 540 4326 quae
560 4238 678 4304 dulcem
700 4239 783 4304 curo
803 4240 910 4305 miscet
928 4241 1107 4307 amariam.
