3342 5200
311 673 346 725 40
449 669 476 724 11
510 668 560 722 DE
575 668 682 724 smus
703 666 840 723 NATAU
855 665 904 722 ET
920 666 1052 720 mm
1067 664 1224 721 estvm

308 846 432 925 quanta
466 835 501 903 iu
535 858 635 903 uersu
663 830 772 903 'tertio
807 834 965 923 erumpit,
1008 832 1142 920 dignum
1178 831 1364 899 habuisse?

311 974 419 1022 noune
454 954 509 1019 illa
544 955 646 1020 uerba
673 954 714 1021 de
740 954 910 1019 consulatu
930 960 1102 1039 expectato
1136 972 1241 1040 aeque
1270 951 1363 1033 bene,

309 1070 407 1138 immo
429 1071 527 1137 etiam
549 1070 674 1153 melius,
695 1072 773 1158 quia
791 1080 861 1136 tum
881 1092 993 1136 sensus
1012 1067 1112 1135 totius
1132 1089 1247 1135 uersus
1260 1068 1364 1135 multo

311 1187 459 1254 acerbior
493 1188 545 1271 lit,
584 1187 730 1275 intellegi
757 1186 923 1277 possunt‘l
976 1187 1054 1275 quin
1086 1186 1189 1282 etiam⁸
1216 1184 1258 1251 de
1290 1192 1364 1253 con·

311 1306 421 1372 sulatu
443 1305 565 1372 Vatinii
587 1307 697 1371 futuro
723 1304 957 1392 intellegantur
989 1324 1121 1370 neumae
1152 1312 1209 1370 est
1252 1302 1362 1369 uerbis

312 1422 397 1490 euim
416 1444 530 1488 uersus
559 1421 691 1488 secundi
717 1424 788 1487 sella
808 1423 845 1487 ia
865 1422 967 1487 mnae·
985 1420 1073 1487 sedet
1091 1420 1125 1484 in
1146 1441 1243 1486 uersu
1263 1419 1362 1486 tertio

313 1540 415 1608 uerba
440 1564 497 1625 par
524 1542 706 1606 consulatum
738 1541 861 1626 peierat
887 1537 1114 1626 respondente
1134 1537 1217 1602 alter
1245 1536 1362 1624 magis-

312 1667 433 1728 tratum
454 1665 558 1739 tenet,
581 1657 661 1723 alter
683 1665 844 1745 expectat.
885 1655 932 1722 its
952 1656 981 1721 si
1000 1653 1239 1742 interpretaris,
1262 1655 1363 1721 uerba

316 1774 402 1840 sedet
418 1784 450 1840 et
460 1778 581 1859 peierat
592 1772 652 1839 sibi
673 1782 880 1861 opponuntur
899 1772 1028 1861 optime.
1058 1770 1117 1837 sed
1134 1791 1236 1859 quam-
1254 1771 1364 1836 incon·

314 1891 428 1973 einne,
461 1890 488 1956 si
508 1888 659 1955 Vatinius
680 1889 745 1953 iam
767 1900 835 1955 tum
857 1890 1060 1954 consulatum
1080 1898 1230 1975 gereret,
1263 1888 1364 1955 uerba

315 2007 399 2072 sedet
409 2017 441 2071 et
448 2008 571 2093 pea'erat
585 2028 619 2071 se
634 2006 839 2094 exciperent!
860 2017 1008 2095 tempora
1020 2006 1069 2072 rei
1084 2004 1243 2094 publicae,
1257 2004 1364 2095 inquit

317 2120 479 2203 Catullus,
512 2133 577 2190 tam
600 2123 712 2211 iniqua
734 2132 767 2189 et
786 2123 890 2189 tristia
910 2135 987 2190 sunt
1014 2133 1051 2191 ut
1071 2123 1235 2207 Vatinius,
1264 2124 1362 2190 homo

239 2257 241 2265 ·
317 2240 568 2327 inprobissimus,
591 2263 626 2306 se
647 2239 812 2306 consulem
825 2239 971 2306 futurum
992 2263 1062 2307 esse
1081 2240 1214 2329 gloriari
1235 2250 1270 2307 et
1289 2262 1364 2307 eon·

317 2358 425 2423 aulatu
452 2358 561 2423 futuro
591 2357 632 2422 ad
653 2356 823 2423 iurandum
844 2380 902 2423 seu
922 2358 1049 2446 potius,
1082 2380 1157 2424 cum
1183 2356 1238 2423 ille
1267 2358 1364 2424 homo

317 2495 458 2562 nequam
489 2474 567 2540 nihil
599 2474 661 2540 nisi
688 2474 804 2540 falsum
831 2474 931 2557 iuret,
963 2476 1004 2542 ad
1033 2474 1241 2563 peierandum
1272 2473 1365 2540 abuti

318 2591 443 2658 audeat.
487 2604 536 2658 est
563 2591 654 2679 quasi
682 2592 768 2659 dieat
793 2591 942 2659 Vatinius
973 2586 1029 2660 ‘its
1057 2592 1170 2660 consul
1200 2590 1295 2676 fiam,
1327 2602 1366 2658 ut

319 2731 403 2798 quae
424 2709 558 2774 adfirmo
579 2731 658 2774 uera
679 2705 771 2776 sunt'.
813 2711 898 2776 hanc
917 2711 1012 2777 nobis
1032 2710 1203 2799 probatam
1225 2709 1366 2798 explica-

319 2824 438 2892 tionem
469 2848 581 2892 uersus
610 2826 696 2892 tertii
723 2827 786 2893 loci
807 2826 889 2910 duo,
922 2828 978 2916 qui
1004 2829 1038 2894 in
1059 2827 1225 2894 Ciceronis
1243 2827 1278 2892 in
1299 2825 1367 2893 Va·

319 2942 435 3009 tinium
476 2943 728 3030 interrogatione
770 2967 855 3010 anno
891 2945 1009 3022 698156
1049 2943 1160 3011 habita
1199 2945 1367 3032 leguntur,

320 3060 435 3126 mirum
457 3070 613 3148 quantum
635 3062 877 3144 commendant,
899 3061 1016 3150 quibua
1036 3060 1204 3128 Vatinium
1222 3060 1288 3126 ism
1309 3061 1369 3127 diu

320 3186 395 3243 ante
421 3199 517 3264 quam
546 3179 748 3245 consulatum
779 3179 916 3267 adeptus
945 3188 1011 3263 est,
1043 3177 1084 3244 de
1115 3179 1284 3244 consulatu
1305 3200 1368 3245 suo

319 3293 450 3376 futuro,¹
474 3294 573 3360 immo
595 3294 635 3361 de
658 3296 759 3360 altero
781 3318 840 3361 suo
862 3296 1030 3362 consulatu
1049 3294 1138 3384 loqui
1157 3316 1272 3360 reuera
1293 3316 1370 3360 eon·

320 3412 463 3475 sueuisse
483 3410 643 3477 discimus.
685 3411 765 3476 haec
786 3411 871 3478 enim
893 3412 1020 3478 Tullius
1041 3412 1074 3478 in
1096 3404 1262 3478 Vatinium
1285 3410 1371 3478 dixit

321 3527 342 3591 2
363 3527 383 3591 6
404 3538 437 3592 ot
456 3538 555 3593 tumen
575 3530 644 3605 hoc,
681 3528 800 3611 Vatini,
828 3542 971 3594 memento
990 3529 1097 3615 paralio
1117 3542 1184 3615 post
1203 3530 1295 3595 mmm
1315 3532 1369 3595 da·

320 3644 489 3728 sennonem
510 3669 616 3728 meam,
637 3668 730 3732 queant
744 3657 776 3710 tu
792 3647 877 3711 bonci
897 3651 972 3710 aitis
991 3646 1188 3732 dispicientes
1207 3646 1299 3725 dicu,
1319 3671 1371 3714 mc

322 3785 389 3828 oum
419 3763 563 3827 uniuersi
583 3765 687 3848 populi
712 3762 847 3829 Romani
869 3785 990 3829 mmmc-
1009 3767 1163 3830 uoluntate
1182 3776 1246 3828 tum
1266 3766 1374 3850 optimi

323 3881 470 3966 cuiusque
501 3879 655 3964 singulari
679 3882 775 3945 stadio
804 3880 1106 3966 magnificentissime
1130 3893 1202 3967 post
1220 3884 1371 3948 Ιιονηύιωη

321 3997 500 4063 mamertum
535 3998 682 4061 censuum
713 3995 838 4082 factum
873 3999 1037 4084 maioque
1068 4021 1105 4062 en
1135 4021 1185 4063 me
1219 4001 1372 4083 pudenter

321 4113 457 4181 uiuendo
486 4125 678 4178 consecutum
708 4137 789 4190 ease,
820 4137 899 4200 meae
925 4127 956 4178 tu
976 4117 1151 4199 npadmer
1170 4116 1371 4181 anicianado

322 4252 444 4323 operm
463 4241 492 4296 te
506 4251 602 4316 saepe
615 4228 739 4296 dicuat
770 4230 792 4295 5
808 4232 844 4294 ll
861 4242 1054 4316 weuram
1060 4236 1164 4316 pw‘au'
1175 4233 1220 4316 (a.
1235 4231 1371 4320 690164)
