3342 5200
401 655 451 707 200
601 651 678 704 vim
712 652 760 706 Du
779 652 937 705 CAESARE
955 650 1252 710 ercammarus

399 818 537 886 orationi
557 819 791 886 construendae
805 830 1009 887 succurratur
1030 828 1085 885 aut
1106 820 1191 885 tetus
1211 819 1274 903 (ita
1296 820 1330 884 in
1354 816 1449 885 (luia

400 937 492 1002 aiano
521 946 554 1003 et
580 935 771 1021 Dresdensi)
800 945 856 1002 aut
882 948 964 1002 terra
993 936 1054 1023 (ita
1083 938 1115 1002 in
1137 935 1282 1002 Parisino
1305 936 1447 1003 seeundo

399 1054 544 1120 Puteano
572 1052 728 1137 Furiana)
757 1064 831 1141 post
862 1055 945 1119 timet
975 1054 1167 1120 inculcatum
1195 1064 1252 1120 est.
1300 1054 1333 1119 in
1367 1052 1446 1121 San·

400 1171 529 1237 teniano
540 1181 573 1236 et
585 1170 737 1238 Gudiano
749 1171 890 1237 secundo
900 1194 1033 1237 numero
1046 1170 1171 1259 plurali,
1186 1181 1224 1237 ut
1234 1172 1349 1236 scribis
1360 1171 1445 1238 uide

327 1293 333 1302 “
401 1293 507 1366 batur,
522 1289 752 1357 uocabulorum
769 1288 889 1354 Galliae
902 1299 934 1355 et
949 1290 1140 1354 Britanniae
1154 1289 1290 1355 uerbum
1303 1294 1381 1353 &net
1393 1289 1446 1355 ad·

400 1405 637 1472 commodatum
653 1417 710 1489 est,
725 1406 810 1471 unde
824 1412 927 1471 timent
940 1406 1068 1473 habeut
1101 1415 1301 1494 quapropter
1313 1406 1445 1471 omnino

401 1546 472 1589 cum
494 1522 703 1589 Lachmanno
733 1547 752 1588 a
778 1523 917 1589 lectione
938 1523 1031 1589 Hane
1054 1522 1181 1589 Galliae
1208 1525 1293 1588 timet
1315 1535 1344 1587 et
1365 1524 1445 1588 Bri·

401 1641 528 1705 tanniae
558 1640 825 1727 proficiscendum
855 1650 912 1706 est.
962 1640 1019 1706 sed
1049 1640 1126 1729 quid
1157 1640 1219 1706 uiri
1251 1638 1338 1705 <loeti
1369 1639 1446 1705 inde

400 1756 570 1822 fecerunt?
599 1758 772 1823 Turnebus
788 1763 943 1845 tirnentqne
958 1758 1086 1823 Galliae
1097 1758 1185 1838 inne,
1200 1759 1306 1823 timent
1316 1758 1444 1824 Britan·

400 1875 496 1939 neae?
516 1873 628 1939 Dousa
637 1884 730 1961 pater
744 1876 884 1963 timetque
901 1876 1006 1941 Gallia
1019 1876 1105 1957 inne,
1119 1878 1222 1940 tenent
1234 1875 1447 1942 Britanniae?

401 1991 625 2057 Lachmannus
639 1993 713 2057 time
726 1992 911 2069 Britannia,
933 1993 1012 2058 lenna
1032 1995 1131 2057 timete
1146 1991 1268 2058 Galliae
1282 1991 1446 2079 Hauptius

381 2111 498 2204 ..timae
523 2105 660 2191 aenae,
693 2113 770 2175 lune
798 2114 864 2176 time
892 2110 1062 2175 Britannia
1090 2107 1133 2175 G.
1163 2108 1370 2174 Hermannus
1397 2107 1446 2193 (in

381 2205 513 2292 'Jahnii
534 2226 637 2290 annal.
658 2249 724 2290 xxu
745 2226 821 2312 305)
843 2228 942 2292 timete
966 2227 1085 2293 Galliae
1107 2227 1195 2304 leina,
1223 2227 1295 2291 time
1316 2227 1447 2293 Bratan-

400 2343 456 2408 nia
490 2342 631 2429 Heysius
666 2365 758 2407 ennae
794 2343 917 2408 Galbae
951 2356 978 2407 et
1008 2349 1112 2408 vtirnent
1146 2343 1358 2408 Britanniae?
1410 2353 1448 2409 ut

400 2459 481 2524 nihil
510 2459 551 2524 de
579 2439 744 2525 sententiis
759 2459 885 2525 'harum
909 2460 1170 2527 emendationum
1191 2460 1309 2547 partim
1333 2483 1450 2548 parum

402 2578 484 2664 aptis
517 2577 639 2659 dicam,
668 2576 760 2643 facile
792 2577 990 2665 intellegitur
1025 2586 1146 2667 quanta
1176 2576 1350 2660 uiolentia,
1383 2601 1450 2666 qua

402 2717 443 2760 ex
473 2695 621 2760 omnibus
653 2695 759 2761 omnia
786 2695 858 2760 elici
886 2704 1037 2782 possunt,
1066 2695 1100 2760 in
1128 2717 1225 2760 uersu
1252 2695 1313 2759 hoc
1342 2717 1450 2761 emen·

402 2811 508 2876 dando
528 2822 674 2898 grassata
702 2811 760 2894 sit,
792 2834 864 2877 cum
893 2812 953 2877 nisi
981 2813 1146 2878 uocabulis
1173 2835 1238 2877 nou
1267 2812 1364 2878 nullis
1392 2823 1451 2878 aut

401 2928 496 2994 aliter
527 2929 702 2995 conlocatis
736 2938 792 2994 aut
822 2930 955 2995 mutatis
991 2940 1046 2996 aut
1080 2929 1199 2995 additis
1234 2939 1291 2995 aut
1322 2929 1450 2995 omissis

400 3065 498 3130 puros
525 3044 649 3110 iambos
678 3042 810 3109 reficere
838 3068 879 3108 ne
901 3044 1167 3131 ingeniosissimis
1189 3045 1320 3133 quidem
1343 3070 1450 3134 gram·

400 3160 525 3225 maticis
539 3161 737 3226 successerit.
771 3163 898 3248 qualem
913 3184 991 3228 uero
1009 3162 1036 3226 is
1052 3162 1107 3251 qui
1121 3162 1237 3228 duetus
1255 3164 1449 3242 litterarum,

401 3286 437 3342 ut
467 3300 527 3363 par
559 3287 625 3360 est,
658 3300 806 3365 premens
841 3278 964 3345 iambos
996 3302 1094 3367 puros
1125 3289 1261 3344 uenatur
1292 3281 1449 3367 praedam

396 3404 560 3481 reportat,
582 3394 696 3481 Heysii
717 3418 811 3460 ennae
831 3395 956 3460 Galliae
977 3410 1005 3461 et
1024 3401 1129 3462 timeat
1149 3398 1339 3462 Britanniae
1360 3399 1449 3464 lueu·

402 3510 505 3576 lenter
525 3511 690 3597 patefacit,
712 3535 775 3600 quo
790 3534 853 3577 non
870 3535 986 3578 uereor
1011 3536 1052 3580 ne
1074 3515 1146 3603 quis
1168 3516 1349 3581 iamborum
1368 3516 1448 3583 inte

404 3628 556 3714 gritatem
577 3637 715 3694 tueatur.
757 3652 865 3716 neque
882 3631 958 3695 ferri
972 3640 1090 3718 posset,
1112 3632 1230 3719 siquis
1251 3631 1327 3698 inde
1348 3643 1450 3721 temp·

403 3753 488 3809 taret
505 3768 611 3809 mnne
626 3745 746 3811 Galliae
768 3760 796 3810 et
814 3753 913 3812 timere
925 3749 1137 3814 Britanniae?
1157 3788 1196 3799 —
1217 3751 1329 3837 itaque
1345 3752 1448 3817 donec

403 3861 533 3927 inuento
563 3863 702 3949 quodam
724 3863 858 3951 simplici
880 3875 912 3930 et
934 3865 1073 3931 euidenti
1095 3868 1168 3953 puri
1189 3866 1286 3932 iambi
1308 3868 1448 3935 restituti

404 3988 493 4060 sunt,
533 3979 627 4044 aliam
662 3979 747 4044 uiam
791 3982 918 4067 ingredi
952 3983 1066 4066 liceat,
1111 3984 1264 4072 quoniam
1300 3983 1334 4050 in
1370 3985 1447 4051 loeis

403 4093 546 4181 grauiter
567 4083 724 4184 corruptis
743 4097 824 4163 nihil
837 4099 1060 4186 intemptatum
1074 4100 1211 4189 relinqui
1226 4103 1319 4168 solet.
1354 4124 1446 4189 apon-

405 4212 499 4279 deum
530 4213 630 4301 igitur
664 4216 763 4280 semel
797 4216 831 4281 in
865 4239 962 4282 uersu
993 4218 1048 4285 illo
1084 4242 1251 4286 censemus
1283 4219 1446 4288 Catullum
