3342 5200
396 654 474 707 VIIII
507 652 732 705 escensana
751 653 797 704 ΕΤ
815 649 1046 703 crasmarus
1197 651 1245 701 193

201 844 301 909 quam
318 821 508 886 inconcinne
537 821 634 886 tertia
663 828 817 905 sequatur
838 818 931 883 huius
953 839 1064 882 sensus
1084 840 1092 882 :
1112 810 1248 899 ideone,

202 937 324 1005 Caesar
346 948 378 1004 et
398 938 548 1025 Pompei,
578 940 690 1004 orbem
717 946 876 1003 terrarum
903 943 1008 1000 totum
1037 933 1211 1022 diripuistis
1223 928 1250 998 ‘l’

201 1078 308 1145 neque
339 1077 452 1122 uersus
481 1055 524 1120 23
555 1064 588 1120 et
618 1056 680 1131 24,
712 1055 788 1142 quia
810 1053 850 1119 de
872 1050 1022 1119 Caesaris
1052 1061 1084 1117 et
1114 1050 1248 1139 Pompei

202 1173 437 1261 direptionibus
465 1184 549 1255 sunt,
578 1172 686 1238 idonei
704 1194 773 1237 esse
799 1169 952 1236 uidentur
981 1170 1096 1258 quibus
1117 1192 1249 1236 carmen

201 1292 236 1357 in
258 1292 456 1358 Mamurram
478 1291 634 1356 directum
656 1288 739 1353 finiri
760 1288 889 1375 possit:
910 1309 1018 1353 nonne
1040 1286 1124 1352 enirn
1145 1286 1247 1353 multo

202 1410 308 1497 magis
343 1418 593 1475 consentaneum
625 1416 674 1472 est
705 1408 894 1488 orationem,
927 1426 1010 1492 quas
1042 1403 1075 1470 in
1108 1404 1249 1469 carmine

202 1527 306 1615 primo
337 1550 357 1591 a
388 1526 572 1592 Mamurrae
605 1524 720 1612 opibus
754 1521 975 1611 uituperandis
1008 1522 1103 1603 exiit,
1138 1521 1251 1586 eodem

202 1646 236 1711 in
266 1645 406 1710 carmine
436 1652 581 1710 extremo
606 1640 752 1707 reuerti?
794 1663 910 1729 neque,
932 1640 959 1705 si
978 1639 1079 1705 libros
1100 1637 1251 1705 Catullia-

202 1784 264 1828 nos
294 1763 485 1844 omittimus,
516 1761 617 1826 ullum
645 1758 865 1825 testimonium
895 1758 1048 1845 scriptum
1071 1755 1248 1843 adestque

202 1996 245 2061 sit
265 2018 273 2059 :
295 2017 369 2061 nam
396 2018 510 2060 uersus
541 1995 690 2081 uigesimi
713 1993 819 2081 quarti
841 1992 978 2057 imitatio
999 2000 1114 2079 poetae
1134 1991 1249 2056 incerti

203 2114 252 2197 (in
280 2111 416 2199 Vergilii
442 2112 535 2178 catal.
562 2112 584 2176 3
612 2113 632 2177 6
663 2110 731 2176 siue
758 2112 791 2175 in
822 2109 946 2195 Meyeri
978 2108 1145 2195 antholog.
1175 2107 1251 2173 Lat.

205 2230 265 2295 103
294 2230 328 2311 6)
362 2228 404 2295 ad
434 2228 656 2317 quaestionem
692 2250 788 2315 quam
820 2225 979 2291 mouimus
1012 2224 1251 2291 diiudicandam

203 2348 333 2413 omnino
359 2345 438 2411 nihil
460 2346 594 2410 confert.
637 2353 672 2412 at
692 2344 845 2431 grauiora
867 2342 964 2410 etiam
985 2353 1176 2427 argumenta
1198 2344 1251 2409 ad·

203 2473 280 2530 sunt
309 2463 425 2552 quibus
452 2485 563 2530 uersus
591 2462 670 2527 duos
699 2470 860 2527 extremos
885 2461 956 2527 loco
979 2459 1083 2526 alieno
1106 2461 1140 2525 in
1160 2460 1250 2526 libris

204 2581 341 2669 scriptos
356 2603 426 2647 esse
441 2580 582 2668 adparet.
618 2578 792 2648 Caesarem
814 2588 846 2645 et
859 2578 1049 2666 Pompeium
1065 2578 1250 2644 Mamurrae

203 2700 316 2766 fauere
337 2697 482 2765 Catullus
503 2699 637 2764 moleste
663 2699 736 2764 tert.
780 2720 917 2787 quorum
938 2697 1027 2786 prior
1046 2698 1080 2762 in
1102 2697 1249 2763 uersibus

203 2817 316 2904 quinto
332 2840 417 2883 nono
437 2815 616 2899 undecimo,
639 2816 777 2904 denique
793 2839 857 2882 una
872 2838 946 2881 cnm
956 2814 1112 2903 Pompeio
1128 2837 1249 2903 genero

204 2956 263 3000 suo
291 2935 325 2999 in
352 2933 465 2999 ultimo
495 2944 605 3021 aperte
632 2942 930 2999 commemoratur:
958 2933 1094 3020 Pompei
1121 2942 1251 3020 praeter

203 3073 334 3117 uersum
362 3051 509 3118 ultimum
537 3051 623 3116 nulla
645 3073 776 3138 prorsus
796 3051 917 3117 mentio
939 3052 1026 3116 facta
1046 3060 1106 3116 est.
1148 3049 1248 3115 nihilo

204 3171 311 3235 minus
332 3179 440 3235 tamen
461 3168 587 3233 indiciis
608 3191 673 3234 non
687 3169 783 3234 nullis
798 3169 975 3235 clarissime
989 3178 1078 3256 patet
1092 3168 1125 3232 in
1140 3167 1252 3255 priori-

203 3288 263 3352 bus
293 3309 422 3375 quoque
449 3286 598 3352 carminis
624 3287 770 3352 uersibus
791 3286 982 3374 Pompeium
1003 3286 1164 3353 fautorem
1184 3284 1254 3349 Ma·

203 3426 331 3471 murrae
346 3428 366 3470 a
381 3404 509 3470 Catullo
525 3404 718 3491 castigatum
732 3403 840 3469 fuisse.
884 3427 1024 3493 namque
1047 3413 1080 3470 et
1100 3404 1133 3469 in
1156 3425 1253 3468 uersu

203 3523 299 3589 tertio
322 3522 446 3589 decimo
468 3520 633 3588 Mamurra
660 3534 764 3587 cestra
793 3521 937 3606 defututa
958 3524 1089 3586 marala
1109 3521 1252 3585 nomina·
1283 3601 1285 3604 Α

203 3648 255 3704 tur
283 3659 389 3726 neque
415 3633 480 3704 ‘tua
498 3637 656 3720 mentula',
684 3661 878 3726 quamquam
901 3637 1020 3704 Caesar
1048 3638 1134 3704 solus
1156 3648 1252 3703 antea

204 3765 473 3822 commemoratus
491 3767 548 3838 est,
571 3767 603 3822 et
623 3757 656 3822 in
671 3779 767 3822 uersu
783 3756 1046 3842 duodeuigesimo
1063 3757 1148 3822 inter
1162 3777 1252 3842 prae·

203 3874 259 3940 das
290 3896 310 3938 a
335 3874 500 3940 Mamurra
527 3874 691 3939 confectas
720 3873 889 3939 Ponticam
919 3871 1068 3940 Catullus
1099 3872 1251 3960 adpellat‚

205 4014 285 4080 qua,
307 4002 343 4056 ut
363 3991 525 4079 Hauptius
547 3991 723 4057 rectissime
746 3990 870 4074 docuit,
901 3991 1036 4078 Pompei
1059 3991 1212 4078 praedam
1234 4014 1254 4056 a

204 4107 391 4174 Mithridate
412 4117 610 4196 reportatam
632 4106 837 4195 significauit
880 4107 1020 4195 denique
1040 4108 1074 4173 in
1095 4131 1191 4174 uersu
1210 4110 1249 4173 21

204 4226 304 4294 uerbo
343 4226 459 4314 plurali
499 4225 615 4308 focaea
655 4247 713 4312 par
756 4225 833 4291 illud
868 4224 1054 4291 Mamurrae
1088 4226 1251 4293 lautorum

1013 4327 1052 4390 13
