3342 5200
389 619 440 672 Μ
474 617 552 672 mn
578 617 626 670 DE
639 617 777 672 Ulmo
792 617 988 684 rosamo
1005 619 1053 671 m·
1070 619 1170 672 vmu
1186 612 1439 673 stemmata

389 795 423 852 et
432 784 564 852 Africae
577 805 664 850 anno
677 783 825 873 sequenti
840 795 1083 874 propraetorem
1098 784 1284 872 adpellauit,
1305 785 1439 852 minime

389 901 557 990 probabile
576 900 695 968 nedum
716 911 841 966 certum
861 911 921 968 est.
962 921 1067 988 neque
1087 902 1183 967 uideo
1203 902 1319 989 quibus
1339 925 1439 990 argu·

389 1016 505 1086 mentis
534 1017 606 1084 illos
627 1015 765 1084 Meulios
793 1017 937 1084 fratem
964 1018 1093 1084 nomine
1120 1020 1310 1085 coniunctos
1334 1020 1439 1086 fuisse

389 1133 519 1224 probari
541 1133 652 1222 possit,
673 1133 735 1200 nisi
756 1135 841 1200 forte
863 1135 936 1222 quis
958 1134 1067 1200 uerbis
1086 1136 1137 1200 his
1157 1157 1241 1224 quae
1257 1134 1374 1204 Cicero
1396 1137 1439 1202 ad
1538 1175 1544 1184 ·

389 1249 536 1318 Atticum
559 1249 674 1334 (vurrss
696 1252 729 1334 l)
751 1249 881 1338 scripsit
900 1260 1023 1316 temere
1043 1252 1216 1319 abutitur:
1236 1255 1274 1318 de
1294 1251 1332 1318 L.
1360 1255 1439 1319 uer-

389 1367 1439 1458 qumquodmaeru,nmmodoLsamedaiaynAulm

385 1484 548 1572 profectur
568 1496 617 1550 ert
659 1507 677 1550 e
705 1485 867 1550 contrario
895 1484 974 1550 mihi
1001 1486 1132 1574 quidem
1159 1487 1232 1552 loco
1253 1484 1308 1572 qui
1329 1485 1363 1550 in
1385 1485 1439 1554 ci-

389 1601 515 1668 ceronis
537 1602 578 1667 de
597 1601 716 1667 linibus
738 1623 757 1665 ιι
778 1601 820 1666 22
842 1601 883 1665 72
903 1611 953 1667 est
972 1602 1149 1668 clarissime
1167 1603 1292 1670 elucere
1307 1602 1438 1670 uidetur

389 1717 510 1784 Aulum
532 1729 566 1784 et
586 1716 726 1782 Lucium
754 1739 819 1782 non
847 1716 948 1784 fusse
973 1719 1100 1786 fratres.
1141 1719 1187 1784 ibi
1212 1719 1298 1785 enim
1320 1717 1436 1786 Cicero

389 1857 462 1900 cum
484 1836 553 1924 ipso
574 1834 676 1901 Lucio
699 1835 868 1924 Torquato
896 1836 1094 1924 conloquens
1114 1846 1150 1902 ut
1170 1844 1346 1923 praecepte
1377 1857 1437 1902 suo

389 1951 543 2039 exemplis
572 1973 613 2018 ex
642 1951 773 2020 bistone
801 1952 978 2042 desumptis
1004 1951 1127 2018 muniat
1148 1953 1345 2019 mentionem
1366 1951 1435 2018 Titi

388 2067 473 2134 illius
494 2068 618 2158 antiqui
636 2067 750 2135 Manlii
771 2069 929 2156 Torquati
953 2069 1097 2136 facturus
1117 2069 1163 2134 ite
1183 2069 1313 2156 scripsit
1333 2093 1341 2133 ε
1363 2072 1439 2154 quid

389 2185 497 2252 enim?
507 2185 662 2270 summane
680 2208 841 2270 possumus
861 2186 963 2252 deero
982 2186 1112 2252 eundem
1125 2187 1212 2252 illam
1230 2185 1438 2272 Torqrmtum?

391 2339 426 2350 -
451 2302 584 2368 delector
604 2303 699 2380 enim,
728 2327 918 2392 quaeroquaero
938 2317 965 2369 te
985 2328 1045 2369 acu
1062 2327 1204 2389 porram,
1225 2315 1259 2368 ut
1277 2305 1346 2385 nis,
1367 2327 1436 2367 cor-

388 2443 544 2505 rumpere,
569 2421 699 2486 delector
724 2421 852 2508 inquom
872 2432 901 2486 ct
918 2419 1043 2504 familis
1063 2431 1165 2485 uestro
1185 2433 1214 2484 et
1233 2420 1363 2485 nomiae.
1409 2432 1438 2485 et

387 2538 506 2604 tacete
534 2536 611 2603 miti
629 2539 681 2603 ur'r
699 2539 827 2624 optimus
844 2540 1002 2625 mstrr’qae
1022 2541 1262 2615 omuunmimus,
1289 2537 1329 2602 A.
1356 2539 1436 2602 Tor·

387 2668 509 2743 quatum
529 2668 673 2720 aermnae
692 2640 892 2731 ann-oculos.
914 2661 1002 2720 caius
1023 2667 1167 2742 quercum
1187 2657 1316 2721 Meam
1335 2654 1438 2738 fuerit

388 2784 416 2837 et
435 2794 525 2859 prtum
544 2773 668 2860 insipat
688 2796 762 2859 erpo
780 2796 829 2837 me
849 2772 1030 2859 ternporr‘bus
1049 2772 1136 2855 illis,
1164 2794 1242 2859 quae
1269 2783 1338 2836 uota
1366 2784 1437 2836 aaut

387 2889 530 2971 merlus,
551 2890 768 2956 seiromaste
781 2900 826 2954 cst
839 2902 1000 2976 meaque
1011 2902 1153 2968 ammon,
1172 2912 1254 2975 quae
1269 2889 1342 2953 mili
1360 2890 1435 2973 ipsi,

387 3005 1113 3094 quieolostesseetlsubm’prutrte,qroto
1141 3030 1202 3071 noa
1230 3018 1343 3083 emm,
1370 3006 1439 3073 uisi

387 3146 453 3189 arm
477 3128 684 3208 perspicerem
714 3146 781 3187 meu
806 3145 920 3188 coram
947 3127 1019 3189 milri
1045 3124 1183 3189 amicam
1205 3122 1324 3209 frasso.
1371 3122 1436 3187 hoc

386 3240 458 3307 loco
487 3236 603 3305 Cicero
632 3238 742 3307 fratris
769 3260 888 3305 nomen
919 3241 1056 3307 reticere
1080 3262 1147 3305 non
1173 3240 1298 3327 potuit,
1333 3240 1361 3305 si
1389 3241 1433 3305 A

387 3369 419 3423 et
447 3356 487 3423 L.
514 3354 629 3423 Manlii
658 3378 694 3423 re
719 3377 797 3421 uera
828 3355 947 3423 fratres
971 3355 1117 3423 fussent
1160 3378 1220 3421 nec
1246 3355 1434 3424 melioribus

386 3473 587 3561 argumentis
616 3482 769 3562 praetere
794 3474 838 3539 A.
859 3473 1021 3563 Torquati
1048 3474 1126 3539 anni
1152 3472 1271 3551 702l52
1297 3495 1434 3561 conpro-

384 3590 462 3657 bata
482 3600 540 3657 esa
582 3591 662 3659 haec
688 3591 774 3657 enim
804 3589 963 3658 sententia
988 3590 1068 3657 locis
1095 3590 1223 3657 dnobus
1246 3592 1435 3677 argumenti

384 3707 521 3775 Asconii
550 3707 687 3775 Pediani
716 3709 750 3773 in
777 3708 943 3775 Ciceronis
969 3708 1180 3773 Milonianam
1201 3709 1239 3792 (ὅ
1257 3708 1300 3773 25
1321 3716 1356 3773 et
1373 3707 1433 3791 33)

384 3826 542 3893 innititur.
583 3824 629 3891 ibi
661 3824 748 3889 enim
778 3834 948 3891 cosmetor
977 3823 1209 3890 diuinationem
1236 3845 1348 3890 eorum
1376 3825 1435 3912 qui

384 3941 539 4009 Milonem
560 3964 646 4009 euno
660 3940 778 4017 toalea
798 3939 839 4005 dc
860 3940 984 4008 ambitu
1003 3939 1188 4007 accusaturi
1207 3949 1315 4007 essent
1335 3962 1435 4029 qnae

385 4058 482 4122 sitoro
501 4061 543 4123 A.
563 4058 732 4147 Torquato
758 4057 878 4125 factam
909 4078 982 4123 esse
1009 4067 1043 4123 et
1062 4069 1233 4144 praeterea
1252 4057 1322 4153 alin¹
1337 4081 1435 4146 quae

384 4174 459 4239 darn
492 4196 575 4259 quse
607 4177 689 4239 scire
722 4185 833 4239 nostra
865 4196 931 4239 non
963 4175 1098 4241 interest
1126 4174 1279 4240 narmnit
1322 4174 1435 4261 itaque
