3342 5200
480 652 505 703 V
538 653 587 704 DE
604 650 783 706 nucumve
801 651 957 705 usuum
1191 655 1240 705 129

196 819 356 907 temporis
382 818 525 883 rationes
556 819 752 904 omittimus,
796 828 966 907 praeterea
995 818 1163 907 probabile
1193 818 1240 903 fit,

78 1016 80 1021 Ι
196 939 224 1003 si
246 938 287 1003 ad
309 936 462 1002 mandata
482 934 582 1001 Furio
605 945 639 1001 et
651 935 786 1003 Aurelio
801 960 820 1003 a
833 947 930 1024 poeta
951 936 1028 1001 data
1048 936 1242 1024 respicimus.
1278 967 1280 970 ·

198 1055 278 1142 qnid
299 1053 384 1119 enim
405 1062 455 1119 est
476 1054 563 1141 quod
585 1052 801 1121 contineant?
833 1051 982 1122 Catullus
1001 1053 1036 1117 in
1055 1063 1244 1141 perpetuum

195 1171 339 1238 Lesbiae
361 1193 502 1237 amorem
523 1171 695 1238 renuntiat.
738 1180 773 1237 at
804 1193 863 1237 cur
889 1180 986 1259 poeta
1011 1170 1045 1235 id
1075 1170 1177 1258 quod,
1206 1180 1245 1236 ut

195 1287 354 1371 uidimus,
386 1286 601 1375 iampridem
630 1288 706 1354 lecit
736 1288 853 1353 iterum
880 1287 988 1354 facere
1008 1286 1144 1366 uoluit?
1186 1309 1244 1352 cur

195 1404 298 1471 Furio
315 1396 318 1401 Δ
337 1414 370 1470 et
404 1404 553 1488 Aurelio,
589 1405 774 1471 hominibus
815 1429 835 1470 a
869 1426 904 1469 se
941 1403 1118 1492 despectis,
1155 1426 1243 1470 man·

195 1522 288 1589 dauit
309 1522 397 1589 illa?
438 1530 474 1588 ut
504 1522 648 1587 breuiter
679 1521 801 1605 dicam,
834 1519 948 1588 Clodia
978 1530 1047 1587 tum
1077 1520 1243 1588 Catullum

194 1662 257 1728 per
275 1638 386 1705 nescio
408 1661 489 1726 quos
502 1638 652 1727 precibus
673 1638 790 1705 adiisse
807 1637 946 1721 uidetur,
967 1649 1004 1705 ut
1018 1638 1088 1705 eius
1102 1638 1242 1725 gratiam

195 1765 229 1821 et
259 1777 402 1822 amorem
430 1756 484 1822 diu
516 1754 734 1821 intermissum
762 1754 960 1843 reciperaret
979 1778 988 1821 r
1009 1756 1065 1822 sed
1094 1777 1115 1820 a
1134 1765 1241 1843 poeta,

195 1873 253 1960 qui
273 1882 456 1959 temporum
486 1872 630 1960 priorum
659 1870 822 1937 doloribus
849 1872 1038 1960 prudentior
1064 1881 1099 1937 et
1118 1873 1243 1938 cautior

193 1990 302 2055 factus
323 1998 403 2074 erat,
422 1990 504 2055 nihil
517 1988 579 2055 nisi
593 1988 754 2076 repulsam
769 1990 919 2055 acerbam
934 1989 1122 2078 reportauit,
1144 2012 1242 2078 quam

195 2106 347 2173 Catullus
367 2116 405 2173 ut
426 2116 645 2195 contemptum
668 2129 762 2173 suum
788 2106 893 2195 magis
910 2109 1052 2198 aperiret
1071 2128 1129 2195 per
1149 2108 1242 2173 mise·

193 2246 268 2290 rum
288 2224 419 2291 illorum
439 2224 704 2291 homunculorum
724 2248 785 2313 par
797 2226 892 2292 linxit
911 2225 958 2292 illi
979 2249 1013 2292 se
1033 2225 1241 2314 significasse.

277 2344 372 2409 Haec
393 2343 462 2408 lere
481 2341 651 2408 babuimus
672 2364 757 2431 quae
776 2342 818 2408 de
840 2342 1033 2409 omninibus
1055 2344 1097 2410 ad
1118 2342 1241 2411 Catulli

78 2466 79 2527 ζ
193 2467 227 2524 et
247 2457 388 2526 Lesbiae
409 2481 534 2525 amores
548 2458 724 2525 referendis
744 2481 987 2547 exponeremus.
1008 2462 1170 2549 reliquum
1191 2471 1241 2527 est

192 2586 231 2642 ut
252 2598 355 2643 annos
376 2576 561 2644 adcuratius
591 2576 780 2644 definiamus
809 2601 869 2668 per
896 2602 977 2669 quos
998 2578 1053 2646 ille
1074 2574 1165 2648 amor
1185 2579 1239 2646 du·

192 2695 291 2762 rauit.
334 2697 506 2783 praecipue
534 2695 575 2760 de
599 2707 771 2785 anno'quo
794 2693 941 2763 Catullus
961 2696 1109 2765 Clodiam
1130 2719 1240 2764 amare
1274 2785 1278 2793 Ι

194 2813 306 2900 coepit
326 2821 359 2878 et
379 2812 421 2878 de
442 2834 525 2878 anno
547 2834 611 2900 quo
624 2813 740 2879 foedus
761 2822 856 2902 turpe
874 2813 1048 2904 interrupit
1067 2814 1239 2903 diligenter

190 2929 424 3018 inquirendum
454 2940 513 2996 est.
556 2940 588 2996 et
616 2931 657 2996 de
682 2929 772 2996 initio
794 2931 924 3018 quidem
943 2932 1080 3016 amoris,
1112 2941 1150 2998 ιιι
1175 2931 1241 2997 iam

193 3069 294 3135 supra
314 3069 347 3134 p.
366 3046 405 3110 71
438 3047 598 3131 diximus,
629 3050 749 3114 scimus
777 3046 940 3132 Clodiam,
975 3071 1049 3114 cum
1077 3048 1240 3117 Catullum

193 3185 303 3230 amare
324 3153 496 3252 inciperet,¹
512 3165 577 3230 iam
600 3187 736 3231 uxorem
761 3165 802 3248 Q.
824 3166 949 3232 Metelli
971 3167 1071 3234 luisse
1096 3177 1128 3234 et
1151 3169 1239 3234 bunc

194 3279 364 3346 Metellum
386 3279 483 3348 etiem
496 3271 566 3347 t'um
579 3282 712 3368 uixisse,
733 3305 804 3348 cum
826 3283 891 3348 iam
906 3284 1066 3351 discordia
1079 3285 1239 3372 quaedam

195 3397 346 3484 quamuis
366 3420 470 3485 parua
487 3398 571 3464 inter
592 3409 735 3466 amantes
756 3399 916 3466 extitisset
938 3402 993 3486 (cf.
1011 3425 1111 3490 supra
1123 3425 1155 3490 p.
1170 3403 1238 3487 80).

194 3536 270 3580 oum
291 3528 369 3580 uero
391 3517 520 3604 quando
541 3514 693 3583 Metellus
714 3515 863 3584 Clodiam
892 3518 1022 3585 duxerit
1051 3519 1238 3609 ignoremus

194 3631 271 3718 (hoe
303 3632 405 3698 solum
440 3642 570 3700 constat
595 3633 707 3700 ambos
735 3657 764 3700 a.
792 3635 909 3713 691163
937 3638 1093 3725 coniuges
1122 3637 1237 3723 fuisse)

193 3749 350 3815 terminus
372 3771 431 3816 nos
451 3751 537 3838 fugit
558 3760 631 3817 ante
653 3773 749 3840 quem
773 3749 920 3820 Catullus
942 3753 1089 3821 Clodiam
1114 3776 1239 3820 amasse

194 3887 260 3932 non
282 3877 400 3955 potest.
442 3879 557 3935 contra
583 3868 659 3934 inde
688 3870 775 3959 quod
796 3869 945 3938 Metellus
966 3895 1050 3940 anno
1072 3873 1190 3951 695159
1202 3873 1236 3958 *)

78 4203 80 4226 μ
261 4138 372 4209 ²)Post
394 4158 510 4196 mensem
535 4143 653 4210 Aprilem
679 4145 759 4197 huius
783 4148 847 4197 anni
868 4145 1004 4198 Metellum
1026 4152 1156 4199 mortuum
1178 4162 1238 4200 esse

78 4231 80 4308 Ϊ
191 4234 252 4287 inde
279 4236 447 4290 manifestum
473 4241 514 4290 est
539 4239 609 4305 quod
636 4237 707 4290 inter
731 4243 867 4292 senawres
897 4239 948 4292 luit
969 4241 1016 4308 qui
1040 4241 1069 4292 in
1094 4239 1181 4310 legem
1206 4241 1239 4292 de
