3342 5200
414 678 464 731 118
699 675 724 727 V
758 674 807 727 DE
825 672 1006 728 moninus
1023 672 1178 728 osmr

413 842 553 909 mediam
572 840 607 907 in
628 864 695 907 rem
717 840 877 909 adductos
890 842 1038 908 aduemat
1053 840 1157 930 qualis
1177 838 1323 907 condicio
1344 839 1466 907 amoris

416 956 591 1025 Catulliani
616 956 650 1023 in
672 958 718 1023 eia
741 958 937 1024 carminibus
960 956 1148 1043 adparuerit
1168 956 1202 1021 iu
1227 957 1345 1046 quibua
1370 978 1466 1024 enar·

413 1073 522 1142 randis
556 1096 655 1163 supra
689 1074 953 1141 subsistebamus.
1004 1072 1085 1139 illud
1126 1072 1228 1159 igitur
1261 1073 1467 1162 epigramma

416 1210 533 1259 cxxxv
565 1191 630 1257 Odi
656 1203 683 1255 et
711 1214 780 1255 cmc
810 1188 958 1255 omnibus
983 1188 1050 1255 illis
1074 1187 1269 1255 carminibus
1296 1210 1382 1277 quac
1403 1187 1467 1256 (la-

414 1308 511 1373 tullus
543 1328 602 1396 per
633 1316 761 1395 tempus
790 1306 917 1373 discidii
942 1307 1028 1371 inter
1055 1314 1200 1371 amantes
1230 1304 1294 1372 orti
1324 1305 1466 1394 scripsit,

415 1423 555 1511 quodam
605 1422 702 1489 modo
754 1422 841 1489 tituli
889 1424 961 1489 loco
1010 1422 1168 1509 praeponi
1215 1420 1325 1509 possit.
1388 1421 1465 1488 odio

415 1540 501 1605 enim
523 1550 557 1607 et
576 1561 686 1606 amore
710 1540 774 1607 huc
795 1549 894 1627 atque
921 1538 997 1605 illuc
1017 1547 1110 1603 actus
1140 1547 1240 1626 poeta
1267 1538 1366 1604 miser
1397 1561 1465 1605 non

417 1656 494 1723 dum
522 1677 544 1720 a
574 1678 609 1722 se
639 1656 802 1743 inpetrare
832 1655 939 1743 potuit
967 1664 1005 1722 ut
1032 1654 1180 1723 Clodiam
1211 1654 1396 1738 desereret,
1432 1664 1468 1721 et

416 1774 560 1839 carmina
581 1766 700 1840 acs'rba
720 1773 754 1838 in
782 1774 1038 1856 somniassem,
1069 1771 1210 1839 Lesbiae
1236 1781 1398 1838 amatores
1419 1772 1466 1837 in·

415 1888 642 1971 numerabiles,
662 1891 811 1956 conicere
828 1890 996 1976 pergebat.
1030 1890 1134 1957 ueluti
1147 1891 1182 1955 in
1196 1890 1339 1955 carmine
1350 1910 1467 1955 mvn

417 2002 517 2069 Salac
547 2005 676 2071 tubcmu
701 2028 818 2091 ususque
842 2004 1074 2071 maeander
1101 2003 1248 2073 Catullus
1274 2006 1309 2071 in
1328 2006 1466 2072 iuuenes

415 2142 479 2187 nou
511 2121 617 2187 nullos
650 2120 685 2206 (e
716 2122 834 2210 quibus
865 2120 1045 2207 Egnatium
1074 2122 1238 2210 quendam
1264 2120 1466 2189 Celtiberum

415 2236 584 2318 nominat),
606 2237 662 2325 qui
682 2238 716 2303 iu
731 2238 868 2305 taberna
881 2247 971 2305 cums
985 2239 1237 2305 contubernium
1254 2237 1467 2305 libidinosum

417 2352 579 2441 quoddam
597 2353 760 2420 iaciebant
774 2362 807 2419 et
827 2353 1022 2440 quibuscum
1034 2353 1155 2420 Lesbia
1177 2355 1407 2420 commercium
1420 2354 1467 2419 in·

417 2469 568 2556 pudicum
583 2470 732 2553 habebat,
748 2468 866 2535 acriter
879 2469 1053 2553 inuehitur,
1066 2472 1108 2535 cf.
1122 2494 1152 2535 u
1170 2474 1207 2535 ll
1223 2481 1257 2537 et
1270 2480 1446 2558 sequentes
1460 2496 1469 2539 ι

561 2649 668 2732 puello
691 2669 760 2710 nam
781 2651 824 2712 mi
841 2668 922 2733 quoe
941 2670 1009 2711 meo
1029 2651 1095 2712 aaa
1113 2645 1206 2734 fups't

564 2774 670 2825 amatu
691 2773 807 2826 toabam
827 2775 971 2848 quantum
993 2763 1145 2827 amabiur
1165 2763 1265 2846 nullu,

558 2900 621 2962 pru
641 2900 704 2962 qua
724 2877 801 2942 milti
818 2890 890 2941 auat
908 2902 1027 2965 meque
1048 2879 1125 2943 bellu
1142 2891 1293 2967 puqaatu,

565 2992 701 3058 censedit
720 2994 798 3058 istae
841 2997 934 3077 bunc,
956 2995 1030 3059 boni
1050 2995 1199 3082 beateque,
1448 3081 1453 3090 ·

565 3131 665 3172 omues
688 3110 802 3172 amatia
822 3121 851 3173 et
869 3110 1000 3195 quadem,
1021 3110 1105 3197 quod
1124 3109 1325 3198 iudicaram,

564 3246 662 3288 omues
681 3224 792 3308 pusilli
809 3236 838 3288 et
858 3226 1010 3290 semitoni
1027 3228 1151 3292 moechi.

405 3357 523 3480 ⁸neque
543 3396 605 3461 hoc
626 3419 691 3462 uno
713 3397 746 3462 in
762 3419 896 3485 gregem
917 3399 1007 3465 illum
1024 3402 1166 3466 carmine
1180 3401 1303 3489 scripto
1319 3401 1472 3470 Catullus

419 3508 479 3574 sibi
508 3511 585 3576 satie
607 3514 692 3578 lecit.
735 3514 776 3580 ab
798 3515 941 3600 Egnatio
962 3516 1047 3582 enim
1069 3518 1199 3601 eodem,
1232 3540 1329 3605 quem
1351 3519 1386 3585 iu
1407 3521 1472 3586 hoc

418 3625 559 3691 carmine
595 3637 739 3695 extremo
777 3632 976 3715 nominauit,
1019 3645 1116 3721 poeta
1154 3635 1297 3701 carmina
1333 3661 1473 3702 xxxvun

417 3741 569 3828 Eqmdua
596 3746 680 3829 quod
712 3749 860 3814 candidos
888 3749 980 3814 babet
1007 3751 1111 3816 deuter
1141 3753 1352 3838 grauissimas
1381 3755 1473 3842 capit

417 3876 548 3940 poenas.
590 3871 625 3926 at
647 3861 749 3949 qualis
770 3863 824 3928 illa
845 3863 907 3929 fuit
925 3867 1017 3932 salax
1038 3870 1184 3951 taberna,
1205 3870 1239 3935 in
1261 3892 1328 3958 qua
1348 3869 1473 3938 Lesbia

420 3970 536 4037 sedens
557 3996 630 4040 cum
651 3979 792 4044 moechis
812 3983 965 4048 trecentis
986 3994 1098 4071 stupra
1117 3985 1292 4053 iaciebat?
1335 3988 1408 4070 fuit,
1433 4000 1472 4056 nt
1579 4000 1580 4015 ¹

422 4108 464 4152 ex
485 4109 593 4154 rerum
619 4101 651 4158 et
671 4093 846 4160 uerborum
868 4109 1024 4165 contextu
1045 4111 1152 4186 patet,
1185 4125 1386 4190 quamquam
1415 4128 1472 4170 no·
1578 4144 1579 4159 ι

426 4199 513 4270 mine
533 4207 644 4292 caruit,
665 4219 730 4276 tam
746 4231 825 4278 euru
846 4236 926 4282 uera
945 4216 1026 4282 nibil
1045 4216 1108 4284 nisi
1122 4218 1270 4307 lupanar,
1289 4230 1328 4286 ut
1346 4221 1477 4288 famosa
1577 4260 1578 4265 κ
