<?xml version="1.0" encoding="UTF-8"?>
<!DOCTYPE html PUBLIC "-//W3C//DTD XHTML 1.0 Transitional//EN"
    "http://www.w3.org/TR/xhtml1/DTD/xhtml1-transitional.dtd">
<html xmlns="http://www.w3.org/1999/xhtml" xml:lang="en" lang="en">
 <head>
  <title>
</title>
<meta http-equiv="Content-Type" content="text/html;charset=utf-8" />
  <meta name='ocr-system' content='tesseract 3.04.00' />
  <meta name='ocr-capabilities' content='ocr_page ocr_carea ocr_par ocr_line ocrx_word'/>
</head>
<body>
  <div class='ocr_page' id='page_1' title='image "./gvalericatvllil01catugoog_0113.png"; bbox 0 0 3342 5200; ppageno 0'>
   <div class='ocr_carea' id='block_1_1' title="bbox 490 688 1257 745">
    <p class='ocr_par' dir='ltr' id='par_1_1' title="bbox 490 688 1257 745">
     <span class='ocr_line' id='line_1_1' title="bbox 490 688 1257 745; baseline 0.004 -5"><span class='ocrx_word' id='word_1_1' title='bbox 490 688 514 740; x_wconf 85' lang='lat' dir='ltr'>V</span> <span class='ocrx_word' id='word_1_2' title='bbox 547 690 598 743; x_wconf 79' lang='lat' dir='ltr'>DE</span> <span class='ocrx_word' id='word_1_3' title='bbox 613 688 794 745; x_wconf 74' lang='lat' dir='ltr'>tuomevs</span> <span class='ocrx_word' id='word_1_4' title='bbox 812 688 967 743; x_wconf 72' lang='lat' dir='ltr'>clevum</span> <span class='ocrx_word' id='word_1_5' title='bbox 1207 694 1257 743; x_wconf 71' lang='lat'>112</span> 
     </span>
    </p>
   </div>
   <div class='ocr_carea' id='block_1_2' title="bbox 166 854 1260 2811">
    <p class='ocr_par' dir='ltr' id='par_1_2' title="bbox 166 854 1260 2811">
     <span class='ocr_line' id='line_1_2' title="bbox 204 854 1260 943; baseline 0.002 -22"><span class='ocrx_word' id='word_1_6' title='bbox 204 866 311 923; x_wconf 88' lang='lat' dir='ltr'>matre</span> <span class='ocrx_word' id='word_1_7' title='bbox 334 855 540 921; x_wconf 80' lang='lat' dir='ltr'>commissum</span> <span class='ocrx_word' id='word_1_8' title='bbox 561 856 685 921; x_wconf 76' lang='lat' dir='ltr'>incesta</span> <span class='ocrx_word' id='word_1_9' title='bbox 706 854 771 922; x_wconf 92' lang='lat' dir='ltr'>duo</span> <span class='ocrx_word' id='word_1_10' title='bbox 793 856 858 922; x_wconf 84' lang='lat' dir='ltr'>alis</span> <span class='ocrx_word' id='word_1_11' title='bbox 878 878 952 923; x_wconf 87' lang='lat' dir='ltr'>oum</span> <span class='ocrx_word' id='word_1_12' title='bbox 973 878 1088 923; x_wconf 89' lang='lat' dir='ltr'>sorore</span> <span class='ocrx_word' id='word_1_13' title='bbox 1104 878 1260 943; x_wconf 79' lang='lat' dir='ltr'>germana</span> 
     </span>
     <span class='ocr_line' id='line_1_3' title="bbox 204 969 1258 1062; baseline 0.001 -24"><span class='ocrx_word' id='word_1_14' title='bbox 204 985 238 1040; x_wconf 89' lang='lat' dir='ltr'>et</span> <span class='ocrx_word' id='word_1_15' title='bbox 266 974 378 1061; x_wconf 87' lang='lat' dir='ltr'>patrui</span> <span class='ocrx_word' id='word_1_16' title='bbox 417 994 520 1038; x_wconf 87' lang='lat' dir='ltr'>uxore</span> <span class='ocrx_word' id='word_1_17' title='bbox 555 971 589 1037; x_wconf 91' lang='lat' dir='ltr'>in</span> <span class='ocrx_word' id='word_1_18' title='bbox 620 970 728 1039; x_wconf 83' lang='lat' dir='ltr'>Gellio</span> <span class='ocrx_word' id='word_1_19' title='bbox 755 995 776 1038; x_wconf 86' lang='lat' dir='ltr'>a</span> <span class='ocrx_word' id='word_1_20' title='bbox 804 969 934 1039; x_wconf 82' lang='lat' dir='ltr'>Catullo</span> <span class='ocrx_word' id='word_1_21' title='bbox 965 972 1258 1062; x_wconf 86' lang='lat' dir='ltr'>reprehenduntur.</span> 
     </span>
     <span class='ocr_line' id='line_1_4' title="bbox 166 1088 1260 1178; baseline 0 -22"><span class='ocrx_word' id='word_1_22' title='bbox 166 1120 182 1135; x_wconf 90' lang='lat'><em>·</em></span> <span class='ocrx_word' id='word_1_23' title='bbox 204 1091 292 1156; x_wconf 89' lang='lat' dir='ltr'>buno</span> <span class='ocrx_word' id='word_1_24' title='bbox 312 1097 466 1177; x_wconf 86' lang='lat' dir='ltr'>patruum</span> <span class='ocrx_word' id='word_1_25' title='bbox 489 1088 646 1155; x_wconf 85' lang='lat' dir='ltr'>Octauius</span> <span class='ocrx_word' id='word_1_26' title='bbox 661 1088 885 1176; x_wconf 76' lang='lat' dir='ltr'>Pantagathus</span> <span class='ocrx_word' id='word_1_27' title='bbox 899 1090 991 1156; x_wconf 91' lang='lat' dir='ltr'>illum</span> <span class='ocrx_word' id='word_1_28' title='bbox 1010 1090 1117 1178; x_wconf 90' lang='lat' dir='ltr'>ipsum</span> <span class='ocrx_word' id='word_1_29' title='bbox 1131 1089 1260 1178; x_wconf 86' lang='lat' dir='ltr'>putauit</span> 
     </span>
     <span class='ocr_line' id='line_1_5' title="bbox 206 1204 1258 1295; baseline -0.001 -21"><span class='ocrx_word' id='word_1_30' title='bbox 206 1206 354 1274; x_wconf 86' lang='lat' dir='ltr'>Gellium</span> <span class='ocrx_word' id='word_1_31' title='bbox 392 1204 591 1273; x_wconf 89' lang='lat' dir='ltr'>Poblioolam</span> <span class='ocrx_word' id='word_1_32' title='bbox 627 1206 747 1289; x_wconf 82' lang='lat' dir='ltr'>fuisse,</span> <span class='ocrx_word' id='word_1_33' title='bbox 791 1207 831 1271; x_wconf 88' lang='lat' dir='ltr'>de</span> <span class='ocrx_word' id='word_1_34' title='bbox 859 1228 925 1293; x_wconf 89' lang='lat' dir='ltr'>quo</span> <span class='ocrx_word' id='word_1_35' title='bbox 955 1228 976 1271; x_wconf 86' lang='lat' dir='ltr'>a</span> <span class='ocrx_word' id='word_1_36' title='bbox 1008 1204 1168 1273; x_wconf 76' lang='lat' dir='ltr'>Cicerone</span> <span class='ocrx_word' id='word_1_37' title='bbox 1198 1230 1258 1295; x_wconf 91' lang='lat' dir='ltr'>pro</span> 
     </span>
     <span class='ocr_line' id='line_1_6' title="bbox 204 1322 1258 1412; baseline 0 -23"><span class='ocrx_word' id='word_1_38' title='bbox 204 1322 314 1389; x_wconf 80' lang='lat' dir='ltr'><strong>Sestio</strong></span> <span class='ocrx_word' id='word_1_39' title='bbox 338 1324 453 1389; x_wconf 78' lang='lat' dir='ltr'><strong>acerbe</strong></span> <span class='ocrx_word' id='word_1_40' title='bbox 474 1332 613 1389; x_wconf 79' lang='lat' dir='ltr'>tractato</span> <span class='ocrx_word' id='word_1_41' title='bbox 628 1344 687 1389; x_wconf 91' lang='lat' dir='ltr'>uos</span> <span class='ocrx_word' id='word_1_42' title='bbox 702 1324 764 1412; x_wconf 90' lang='lat' dir='ltr'>ipsi</span> <span class='ocrx_word' id='word_1_43' title='bbox 779 1346 878 1411; x_wconf 88' lang='lat' dir='ltr'>supra</span> <span class='ocrx_word' id='word_1_44' title='bbox 891 1322 1022 1411; x_wconf 83' lang='lat' dir='ltr'>lougius</span> <span class='ocrx_word' id='word_1_45' title='bbox 1036 1323 1258 1408; x_wconf 85' lang='lat' dir='ltr'>disseruimus,</span> 
     </span>
     <span class='ocr_line' id='line_1_7' title="bbox 203 1438 1259 1519; baseline 0 -13"><span class='ocrx_word' id='word_1_46' title='bbox 203 1441 250 1506; x_wconf 85' lang='lat' dir='ltr'>ita</span> <span class='ocrx_word' id='word_1_47' title='bbox 277 1449 315 1505; x_wconf 86' lang='lat' dir='ltr'>ut</span> <span class='ocrx_word' id='word_1_48' title='bbox 339 1438 379 1504; x_wconf 83' lang='lat' dir='ltr'>L.</span> <span class='ocrx_word' id='word_1_49' title='bbox 408 1438 534 1506; x_wconf 80' lang='lat' dir='ltr'>Gellius</span> <span class='ocrx_word' id='word_1_50' title='bbox 562 1440 674 1507; x_wconf 80' lang='lat' dir='ltr'>consol</span> <span class='ocrx_word' id='word_1_51' title='bbox 704 1440 822 1519; x_wconf 72' lang='grc'><strong>682172</strong></span> <span class='ocrx_word' id='word_1_52' title='bbox 848 1440 950 1508; x_wconf 83' lang='lat' dir='ltr'>frater</span> <span class='ocrx_word' id='word_1_53' title='bbox 978 1439 1079 1507; x_wconf 82' lang='lat' dir='ltr'>Gellii</span> <span class='ocrx_word' id='word_1_54' title='bbox 1107 1440 1259 1509; x_wconf 71' lang='lat' dir='ltr'>Clodiani</span> 
     </span>
     <span class='ocr_line' id='line_1_8' title="bbox 202 1555 1258 1645; baseline 0.002 -24"><span class='ocrx_word' id='word_1_55' title='bbox 202 1555 319 1641; x_wconf 87' lang='lat' dir='ltr'>fuerit,</span> <span class='ocrx_word' id='word_1_56' title='bbox 347 1578 445 1643; x_wconf 88' lang='lat' dir='ltr'>quam</span> <span class='ocrx_word' id='word_1_57' title='bbox 471 1558 662 1623; x_wconf 86' lang='lat' dir='ltr'>senteutiam</span> <span class='ocrx_word' id='word_1_58' title='bbox 685 1556 712 1622; x_wconf 87' lang='lat' dir='ltr'>si</span> <span class='ocrx_word' id='word_1_59' title='bbox 732 1556 925 1645; x_wconf 76' lang='lat' dir='ltr'><strong>probamus,</strong></span> <span class='ocrx_word' id='word_1_60' title='bbox 954 1565 991 1623; x_wconf 89' lang='lat' dir='ltr'>ut</span> <span class='ocrx_word' id='word_1_61' title='bbox 1019 1567 1149 1645; x_wconf 81' lang='lat' dir='ltr'>praeter</span> <span class='ocrx_word' id='word_1_62' title='bbox 1176 1556 1258 1624; x_wconf 88' lang='lat' dir='ltr'>alios</span> 
     </span>
     <span class='ocr_line' id='line_1_9' title="bbox 202 1672 1259 1763; baseline 0.001 -25"><span class='ocrx_word' id='word_1_63' title='bbox 202 1674 415 1738; x_wconf 85' lang='lat' dir='ltr'>Drnmannus</span> <span class='ocrx_word' id='word_1_64' title='bbox 441 1674 487 1758; x_wconf 84' lang='lat' dir='ltr'>(m</span> <span class='ocrx_word' id='word_1_65' title='bbox 509 1672 565 1758; x_wconf 75' lang='lat'>67)</span> <span class='ocrx_word' id='word_1_66' title='bbox 587 1682 621 1740; x_wconf 88' lang='lat' dir='ltr'>et</span> <span class='ocrx_word' id='word_1_67' title='bbox 645 1672 790 1740; x_wconf 91' lang='lat' dir='ltr'>Orellius</span> <span class='ocrx_word' id='word_1_68' title='bbox 813 1673 938 1758; x_wconf 90' lang='lat' dir='ltr'>(onom.</span> <span class='ocrx_word' id='word_1_69' title='bbox 959 1672 1047 1739; x_wconf 81' lang='lat' dir='ltr'>Tull.</span> <span class='ocrx_word' id='word_1_70' title='bbox 1068 1696 1102 1763; x_wconf 87' lang='lat' dir='ltr'>p.</span> <span class='ocrx_word' id='word_1_71' title='bbox 1122 1672 1200 1757; x_wconf 71' lang='lat'><strong>270)</strong></span> <span class='ocrx_word' id='word_1_72' title='bbox 1222 1694 1259 1739; x_wconf 88' lang='lat' dir='ltr'>re</span> 
     </span>
     <span class='ocr_line' id='line_1_10' title="bbox 202 1785 1255 1879; baseline 0.002 -25"><span class='ocrx_word' id='word_1_73' title='bbox 202 1811 281 1855; x_wconf 84' lang='lat' dir='ltr'>uera</span> <span class='ocrx_word' id='word_1_74' title='bbox 302 1790 501 1875; x_wconf 74' lang='lat' dir='ltr'>probarunt,</span> <span class='ocrx_word' id='word_1_75' title='bbox 537 1811 620 1856; x_wconf 86' lang='lat' dir='ltr'>uxor</span> <span class='ocrx_word' id='word_1_76' title='bbox 650 1788 802 1856; x_wconf 83' lang='lat' dir='ltr'>libertina</span> <span class='ocrx_word' id='word_1_77' title='bbox 835 1788 935 1857; x_wconf 86' lang='lat' dir='ltr'>Gellii</span> <span class='ocrx_word' id='word_1_78' title='bbox 957 1785 1123 1873; x_wconf 75' lang='lat' dir='ltr'>Clodiani,</span> <span class='ocrx_word' id='word_1_79' title='bbox 1156 1812 1255 1879; x_wconf 86' lang='lat' dir='ltr'>quam</span> 
     </span>
     <span class='ocr_line' id='line_1_11' title="bbox 202 1900 1256 1995; baseline 0 -24"><span class='ocrx_word' id='word_1_80' title='bbox 202 1904 321 1972; x_wconf 86' lang='lat' dir='ltr'>Gioero</span> <span class='ocrx_word' id='word_1_81' title='bbox 353 1927 413 1991; x_wconf 90' lang='lat' dir='ltr'>pro</span> <span class='ocrx_word' id='word_1_82' title='bbox 446 1903 554 1971; x_wconf 83' lang='lat' dir='ltr'>Sestio</span> <span class='ocrx_word' id='word_1_83' title='bbox 585 1905 871 1989; x_wconf 83' lang='lat' dir='ltr'>commemorauit,</span> <span class='ocrx_word' id='word_1_84' title='bbox 908 1900 1028 1995; x_wconf 77' lang='lat' dir='ltr'>‘patrm</span> <span class='ocrx_word' id='word_1_85' title='bbox 1058 1900 1153 1973; x_wconf 85' lang='lat' dir='ltr'>uxor’</span> <span class='ocrx_word' id='word_1_86' title='bbox 1183 1906 1256 1991; x_wconf 83' lang='lat' dir='ltr'>fuit,</span> 
     </span>
     <span class='ocr_line' id='line_1_12' title="bbox 201 2019 1256 2111; baseline 0.003 -24"><span class='ocrx_word' id='word_1_87' title='bbox 201 2044 344 2111; x_wconf 85' lang='lat' dir='ltr'>quacum</span> <span class='ocrx_word' id='word_1_88' title='bbox 367 2019 494 2089; x_wconf 82' lang='lat' dir='ltr'>Gellius</span> <span class='ocrx_word' id='word_1_89' title='bbox 516 2022 629 2088; x_wconf 90' lang='lat' dir='ltr'>eonsul</span> <span class='ocrx_word' id='word_1_90' title='bbox 650 2020 767 2101; x_wconf 75' lang='grc'><strong>118136</strong></span> <span class='ocrx_word' id='word_1_91' title='bbox 794 2022 986 2089; x_wconf 72' lang='lat' dir='ltr'>adulescens</span> <span class='ocrx_word' id='word_1_92' title='bbox 1013 2022 1256 2090; x_wconf 83' lang='lat' dir='ltr'>mosobabetur.</span> 
     </span>
     <span class='ocr_line' id='line_1_13' title="bbox 199 2136 1255 2225; baseline -0.002 -20"><span class='ocrx_word' id='word_1_93' title='bbox 199 2150 344 2206; x_wconf 83' lang='lat' dir='ltr'>ceterum</span> <span class='ocrx_word' id='word_1_94' title='bbox 373 2159 441 2203; x_wconf 88' lang='lat' dir='ltr'>nou</span> <span class='ocrx_word' id='word_1_95' title='bbox 468 2158 625 2224; x_wconf 88' lang='lat' dir='ltr'>negamus</span> <span class='ocrx_word' id='word_1_96' title='bbox 646 2136 819 2205; x_wconf 78' lang='lat' dir='ltr'>discrimen</span> <span class='ocrx_word' id='word_1_97' title='bbox 841 2138 910 2204; x_wconf 81' lang='lat' dir='ltr'>t‘ere</span> <span class='ocrx_word' id='word_1_98' title='bbox 930 2136 1065 2225; x_wconf 81' lang='lat' dir='ltr'>triginta</span> <span class='ocrx_word' id='word_1_99' title='bbox 1085 2159 1255 2224; x_wconf 85' lang='lat' dir='ltr'>annorum,</span> 
     </span>
     <span class='ocr_line' id='line_1_14' title="bbox 200 2253 1255 2345; baseline -0.002 -22"><span class='ocrx_word' id='word_1_100' title='bbox 200 2256 289 2345; x_wconf 90' lang='lat' dir='ltr'>quod</span> <span class='ocrx_word' id='word_1_101' title='bbox 303 2255 391 2321; x_wconf 87' lang='lat' dir='ltr'>inter</span> <span class='ocrx_word' id='word_1_102' title='bbox 409 2262 548 2319; x_wconf 86' lang='lat' dir='ltr'>aetatem</span> <span class='ocrx_word' id='word_1_103' title='bbox 563 2253 747 2322; x_wconf 81' lang='lat' dir='ltr'>Galliarum</span> <span class='ocrx_word' id='word_1_104' title='bbox 759 2254 899 2321; x_wconf 84' lang='lat' dir='ltr'>fratrum</span> <span class='ocrx_word' id='word_1_105' title='bbox 911 2253 1082 2323; x_wconf 84' lang='lat' dir='ltr'>intercedit</span> <span class='ocrx_word' id='word_1_106' title='bbox 1096 2254 1255 2341; x_wconf 84' lang='lat' dir='ltr'>(Gellium</span> 
     </span>
     <span class='ocr_line' id='line_1_15' title="bbox 200 2370 1256 2449; baseline -0.001 -9"><span class='ocrx_word' id='word_1_107' title='bbox 200 2372 368 2440; x_wconf 82' lang='lat' dir='ltr'>consulem</span> <span class='ocrx_word' id='word_1_108' title='bbox 390 2370 508 2447; x_wconf 78' lang='lat' dir='ltr'>682l72</span> <span class='ocrx_word' id='word_1_109' title='bbox 528 2370 615 2435; x_wconf 87' lang='lat' dir='ltr'>oiroa</span> <span class='ocrx_word' id='word_1_110' title='bbox 637 2393 665 2437; x_wconf 82' lang='lat' dir='ltr'>a.</span> <span class='ocrx_word' id='word_1_111' title='bbox 689 2370 828 2449; x_wconf 76' lang='grc'><strong>6161138</strong></span> <span class='ocrx_word' id='word_1_112' title='bbox 851 2380 884 2436; x_wconf 83' lang='lat' dir='ltr'>et</span> <span class='ocrx_word' id='word_1_113' title='bbox 908 2370 1051 2437; x_wconf 84' lang='lat' dir='ltr'>Gellium</span> <span class='ocrx_word' id='word_1_114' title='bbox 1073 2371 1180 2439; x_wconf 81' lang='lat' dir='ltr'>Clodii</span> <span class='ocrx_word' id='word_1_115' title='bbox 1202 2372 1256 2439; x_wconf 86' lang='lat' dir='ltr'>ad·</span> 
     </span>
     <span class='ocr_line' id='line_1_16' title="bbox 199 2487 1257 2577; baseline -0.004 -20"><span class='ocrx_word' id='word_1_116' title='bbox 199 2490 321 2557; x_wconf 82' lang='lat' dir='ltr'>seolnm</span> <span class='ocrx_word' id='word_1_117' title='bbox 344 2488 432 2553; x_wconf 82' lang='lat' dir='ltr'>eirea</span> <span class='ocrx_word' id='word_1_118' title='bbox 459 2512 487 2554; x_wconf 83' lang='lat' dir='ltr'>a</span> <span class='ocrx_word' id='word_1_119' title='bbox 509 2487 648 2565; x_wconf 77' lang='grc'><strong>6481106</strong></span> <span class='ocrx_word' id='word_1_120' title='bbox 680 2497 791 2553; x_wconf 88' lang='lat' dir='ltr'>natum</span> <span class='ocrx_word' id='word_1_121' title='bbox 819 2510 892 2553; x_wconf 88' lang='lat' dir='ltr'>esse</span> <span class='ocrx_word' id='word_1_122' title='bbox 915 2510 1014 2577; x_wconf 84' lang='lat' dir='ltr'>supra</span> <span class='ocrx_word' id='word_1_123' title='bbox 1042 2511 1075 2575; x_wconf 86' lang='lat' dir='ltr'>p.</span> <span class='ocrx_word' id='word_1_124' title='bbox 1101 2488 1172 2555; x_wconf 76' lang='lat'><strong>107.</strong></span> <span class='ocrx_word' id='word_1_125' title='bbox 1197 2490 1257 2553; x_wconf 79' lang='lat'>112</span> 
     </span>
     <span class='ocr_line' id='line_1_17' title="bbox 198 2603 1256 2697; baseline -0.002 -23"><span class='ocrx_word' id='word_1_126' title='bbox 198 2610 263 2697; x_wconf 90' lang='lat' dir='ltr'>ipsi</span> <span class='ocrx_word' id='word_1_127' title='bbox 292 2603 518 2695; x_wconf 87' lang='lat' dir='ltr'>exposuimus)</span> <span class='ocrx_word' id='word_1_128' title='bbox 546 2628 651 2695; x_wconf 84' lang='lat' dir='ltr'>paene</span> <span class='ocrx_word' id='word_1_129' title='bbox 679 2607 783 2672; x_wconf 89' lang='lat' dir='ltr'>maius</span> <span class='ocrx_word' id='word_1_130' title='bbox 814 2605 918 2672; x_wconf 88' lang='lat' dir='ltr'>uideri</span> <span class='ocrx_word' id='word_1_131' title='bbox 945 2630 1044 2694; x_wconf 85' lang='lat' dir='ltr'>quam</span> <span class='ocrx_word' id='word_1_132' title='bbox 1074 2615 1110 2672; x_wconf 91' lang='lat' dir='ltr'>ut</span> <span class='ocrx_word' id='word_1_133' title='bbox 1138 2607 1256 2673; x_wconf 83' lang='lat' dir='ltr'>fratres</span> 
     </span>
     <span class='ocr_line' id='line_1_18' title="bbox 198 2722 1255 2811; baseline -0.003 -20"><span class='ocrx_word' id='word_1_134' title='bbox 198 2723 317 2794; x_wconf 87' lang='lat' dir='ltr'>haberi</span> <span class='ocrx_word' id='word_1_135' title='bbox 343 2724 485 2811; x_wconf 85' lang='lat' dir='ltr'>possint,</span> <span class='ocrx_word' id='word_1_136' title='bbox 517 2722 578 2789; x_wconf 89' lang='lat' dir='ltr'>nisi</span> <span class='ocrx_word' id='word_1_137' title='bbox 608 2723 693 2788; x_wconf 81' lang='lat' dir='ltr'>forte</span> <span class='ocrx_word' id='word_1_138' title='bbox 722 2732 865 2789; x_wconf 85' lang='lat' dir='ltr'>statuere</span> <span class='ocrx_word' id='word_1_139' title='bbox 892 2724 1030 2790; x_wconf 88' lang='lat' dir='ltr'>uelimus</span> <span class='ocrx_word' id='word_1_140' title='bbox 1061 2724 1185 2791; x_wconf 88' lang='lat' dir='ltr'>duabus</span> <span class='ocrx_word' id='word_1_141' title='bbox 1213 2745 1255 2789; x_wconf 86' lang='lat' dir='ltr'>ex</span> 
     </span>
    </p>
   </div>
   <div class='ocr_carea' id='block_1_3' title="bbox 80 2839 923 2926">
    <p class='ocr_par' dir='ltr' id='par_1_3' title="bbox 80 2839 923 2926">
     <span class='ocr_line' id='line_1_19' title="bbox 80 2839 923 2926; baseline -0.005 -14"><span class='ocrx_word' id='word_1_142' title='bbox 80 2901 81 2912; x_wconf 70' lang='grc'>,</span> <span class='ocrx_word' id='word_1_143' title='bbox 198 2842 361 2910; x_wconf 85' lang='lat' dir='ltr'>matribus</span> <span class='ocrx_word' id='word_1_144' title='bbox 384 2862 438 2906; x_wconf 90' lang='lat' dir='ltr'>eos</span> <span class='ocrx_word' id='word_1_145' title='bbox 460 2863 480 2906; x_wconf 90' lang='lat' dir='ltr'>a</span> <span class='ocrx_word' id='word_1_146' title='bbox 500 2839 539 2906; x_wconf 90' lang='lat' dir='ltr'>L.</span> <span class='ocrx_word' id='word_1_147' title='bbox 563 2840 672 2906; x_wconf 86' lang='lat' dir='ltr'>Gellio</span> <span class='ocrx_word' id='word_1_148' title='bbox 693 2841 820 2926; x_wconf 82' lang='lat' dir='ltr'>genitos</span> <span class='ocrx_word' id='word_1_149' title='bbox 842 2863 923 2908; x_wconf 86' lang='lat' dir='ltr'>asse.</span> 
     </span>
    </p>
   </div>
   <div class='ocr_carea' id='block_1_4' title="bbox 285 2956 1256 3046">
    <p class='ocr_par' dir='ltr' id='par_1_4' title="bbox 285 2956 1256 3046">
     <span class='ocr_line' id='line_1_20' title="bbox 285 2956 1256 3046; baseline 0.001 -22"><span class='ocrx_word' id='word_1_150' title='bbox 285 2959 406 3025; x_wconf 78' lang='lat' dir='ltr'>Postea</span> <span class='ocrx_word' id='word_1_151' title='bbox 428 2980 525 3046; x_wconf 90' lang='lat' dir='ltr'>quam</span> <span class='ocrx_word' id='word_1_152' title='bbox 548 2957 722 3045; x_wconf 86' lang='lat' dir='ltr'>disputatio</span> <span class='ocrx_word' id='word_1_153' title='bbox 749 2957 915 3024; x_wconf 78' lang='lat' dir='ltr'>nostruin</span> <span class='ocrx_word' id='word_1_154' title='bbox 937 2957 1055 3025; x_wconf 79' lang='lat' dir='ltr'>Galliis</span> <span class='ocrx_word' id='word_1_155' title='bbox 1076 2956 1256 3025; x_wconf 79' lang='lat' dir='ltr'>describen-</span> 
     </span>
    </p>
   </div>
   <div class='ocr_carea' id='block_1_5' title="bbox 199 3061 1255 3397">
    <p class='ocr_par' dir='ltr' id='par_1_5' title="bbox 199 3061 1255 3397">
     <span class='ocr_line' id='line_1_21' title="bbox 199 3061 1255 3162; baseline -0.004 -18"><span class='ocrx_word' id='word_1_156' title='bbox 199 3061 250 3144; x_wconf 88' lang='lat' dir='ltr'>dis</span> <span class='ocrx_word' id='word_1_157' title='bbox 272 3087 307 3143; x_wconf 89' lang='lat' dir='ltr'>et</span> <span class='ocrx_word' id='word_1_158' title='bbox 329 3074 549 3141; x_wconf 84' lang='lat' dir='ltr'>discernendis</span> <span class='ocrx_word' id='word_1_159' title='bbox 571 3097 676 3162; x_wconf 89' lang='lat' dir='ltr'>paene</span> <span class='ocrx_word' id='word_1_160' title='bbox 696 3074 791 3141; x_wconf 89' lang='lat' dir='ltr'>nimis</span> <span class='ocrx_word' id='word_1_161' title='bbox 812 3075 869 3142; x_wconf 91' lang='lat' dir='ltr'>diu</span> <span class='ocrx_word' id='word_1_162' title='bbox 890 3076 1017 3160; x_wconf 87' lang='lat' dir='ltr'>institit,</span> <span class='ocrx_word' id='word_1_163' title='bbox 1037 3073 1103 3141; x_wconf 90' lang='lat' dir='ltr'>iam</span> <span class='ocrx_word' id='word_1_164' title='bbox 1123 3075 1255 3140; x_wconf 86' lang='lat' dir='ltr'>tandem</span> 
     </span>
     <span class='ocr_line' id='line_1_22' title="bbox 199 3191 1255 3284; baseline -0.002 -24"><span class='ocrx_word' id='word_1_165' title='bbox 199 3192 380 3284; x_wconf 85' lang='lat' dir='ltr'>aliquando</span> <span class='ocrx_word' id='word_1_166' title='bbox 413 3191 567 3281; x_wconf 86' lang='lat' dir='ltr'>progredi</span> <span class='ocrx_word' id='word_1_167' title='bbox 594 3191 680 3258; x_wconf 86' lang='lat' dir='ltr'>lieet.</span> <span class='ocrx_word' id='word_1_168' title='bbox 722 3191 862 3279; x_wconf 86' lang='lat' dir='ltr'>primum</span> <span class='ocrx_word' id='word_1_169' title='bbox 893 3215 1022 3259; x_wconf 86' lang='lat' dir='ltr'>carmen</span> <span class='ocrx_word' id='word_1_170' title='bbox 1050 3212 1165 3258; x_wconf 78' lang='lat' dir='ltr'>Lxxxv</span> <span class='ocrx_word' id='word_1_171' title='bbox 1193 3191 1255 3258; x_wconf 87' lang='lat' dir='ltr'>boe</span> 
     </span>
     <span class='ocr_line' id='line_1_23' title="bbox 199 3307 865 3397; baseline -0.005 -21"><span class='ocrx_word' id='word_1_172' title='bbox 199 3335 267 3378; x_wconf 90' lang='lat' dir='ltr'>uno</span> <span class='ocrx_word' id='word_1_173' title='bbox 292 3309 433 3376; x_wconf 85' lang='lat' dir='ltr'>disticho</span> <span class='ocrx_word' id='word_1_174' title='bbox 456 3317 649 3397; x_wconf 83' lang='lat' dir='ltr'>conceptum</span> <span class='ocrx_word' id='word_1_175' title='bbox 671 3307 865 3393; x_wconf 79' lang='lat' dir='ltr'>adferamus,</span> 
     </span>
    </p>
   </div>
   <div class='ocr_carea' id='block_1_6' title="bbox 308 3484 1171 3688">
    <p class='ocr_par' dir='ltr' id='par_1_6' title="bbox 308 3484 1171 3688">
     <span class='ocr_line' id='line_1_24' title="bbox 308 3484 1171 3575; baseline -0.005 -21"><span class='ocrx_word' id='word_1_176' title='bbox 308 3488 379 3554; x_wconf 71' lang='lat' dir='ltr'>Odi</span> <span class='ocrx_word' id='word_1_177' title='bbox 399 3500 426 3554; x_wconf 80' lang='lat' dir='ltr'>et</span> <span class='ocrx_word' id='word_1_178' title='bbox 447 3511 524 3552; x_wconf 85' lang='lat' dir='ltr'>emo.</span> <span class='ocrx_word' id='word_1_179' title='bbox 561 3509 656 3573; x_wconf 80' lang='lat' dir='ltr'>quare</span> <span class='ocrx_word' id='word_1_180' title='bbox 675 3484 856 3572; x_wconf 65' lang='lat' dir='ltr'>trifariam</span> <span class='ocrx_word' id='word_1_181' title='bbox 869 3484 1009 3575; x_wconf 68' lang='lat' dir='ltr'>fortasse</span> <span class='ocrx_word' id='word_1_182' title='bbox 1029 3486 1171 3572; x_wconf 64' lang='lat' dir='ltr'>reprobis.</span> 
     </span>
     <span class='ocr_line' id='line_1_25' title="bbox 356 3602 1015 3688; baseline -0.006 -18"><span class='ocrx_word' id='word_1_183' title='bbox 356 3605 466 3684; x_wconf 76' lang='lat' dir='ltr'>nescio,</span> <span class='ocrx_word' id='word_1_184' title='bbox 490 3602 546 3669; x_wconf 83' lang='lat' dir='ltr'>sed</span> <span class='ocrx_word' id='word_1_185' title='bbox 556 3603 640 3688; x_wconf 78' lang='lat' dir='ltr'>steri</span> <span class='ocrx_word' id='word_1_186' title='bbox 658 3604 756 3668; x_wconf 76' lang='lat' dir='ltr'>seatio</span> <span class='ocrx_word' id='word_1_187' title='bbox 778 3614 805 3668; x_wconf 83' lang='lat' dir='ltr'>et</span> <span class='ocrx_word' id='word_1_188' title='bbox 826 3602 1015 3669; x_wconf 75' lang='lat' dir='ltr'>reemcior:</span> 
     </span>
    </p>
   </div>
   <div class='ocr_carea' id='block_1_7' title="bbox 201 3777 1256 4338">
    <p class='ocr_par' dir='ltr' id='par_1_7' title="bbox 201 3777 1256 4338">
     <span class='ocr_line' id='line_1_26' title="bbox 201 3777 1255 3870; baseline -0.008 -21"><span class='ocrx_word' id='word_1_189' title='bbox 201 3806 269 3849; x_wconf 92' lang='lat' dir='ltr'>non</span> <span class='ocrx_word' id='word_1_190' title='bbox 293 3804 359 3870; x_wconf 89' lang='lat' dir='ltr'>quo</span> <span class='ocrx_word' id='word_1_191' title='bbox 381 3781 577 3848; x_wconf 74' lang='lat' dir='ltr'>arbitremur</span> <span class='ocrx_word' id='word_1_192' title='bbox 589 3780 652 3847; x_wconf 88' lang='lat' dir='ltr'>boo</span> <span class='ocrx_word' id='word_1_193' title='bbox 668 3780 869 3868; x_wconf 87' lang='lat' dir='ltr'>epigramma</span> <span class='ocrx_word' id='word_1_194' title='bbox 889 3779 977 3846; x_wconf 90' lang='lat' dir='ltr'>nullo</span> <span class='ocrx_word' id='word_1_195' title='bbox 992 3778 1067 3846; x_wconf 90' lang='lat' dir='ltr'>libri</span> <span class='ocrx_word' id='word_1_196' title='bbox 1081 3777 1255 3847; x_wconf 75' lang='lat' dir='ltr'>Catulliani</span> 
     </span>
     <span class='ocr_line' id='line_1_27' title="bbox 202 3895 1256 3985; baseline -0.006 -18"><span class='ocrx_word' id='word_1_197' title='bbox 202 3901 349 3967; x_wconf 82' lang='lat' dir='ltr'>carmine</span> <span class='ocrx_word' id='word_1_198' title='bbox 371 3896 434 3964; x_wconf 85' lang='lat' dir='ltr'>alio</span> <span class='ocrx_word' id='word_1_199' title='bbox 454 3897 647 3985; x_wconf 88' lang='lat' dir='ltr'>interposito</span> <span class='ocrx_word' id='word_1_200' title='bbox 671 3922 690 3963; x_wconf 91' lang='lat' dir='ltr'>a</span> <span class='ocrx_word' id='word_1_201' title='bbox 709 3907 805 3985; x_wconf 90' lang='lat' dir='ltr'>poeta</span> <span class='ocrx_word' id='word_1_202' title='bbox 819 3896 1001 3963; x_wconf 85' lang='lat' dir='ltr'>Veronensi</span> <span class='ocrx_word' id='word_1_203' title='bbox 1015 3905 1091 3984; x_wconf 90' lang='lat' dir='ltr'>post</span> <span class='ocrx_word' id='word_1_204' title='bbox 1104 3895 1256 3961; x_wconf 83' lang='lat' dir='ltr'>Galliena</span> 
     </span>
     <span class='ocr_line' id='line_1_28' title="bbox 202 4012 1254 4104; baseline -0.002 -24"><span class='ocrx_word' id='word_1_205' title='bbox 202 4015 409 4104; x_wconf 80' lang='lat' dir='ltr'>conpositum</span> <span class='ocrx_word' id='word_1_206' title='bbox 439 4035 524 4097; x_wconf 88' lang='lat' dir='ltr'>esse,</span> <span class='ocrx_word' id='word_1_207' title='bbox 558 4013 613 4078; x_wconf 86' lang='lat' dir='ltr'>sed</span> <span class='ocrx_word' id='word_1_208' title='bbox 636 4024 672 4080; x_wconf 90' lang='lat' dir='ltr'>ut</span> <span class='ocrx_word' id='word_1_209' title='bbox 701 4023 775 4102; x_wconf 88' lang='lat' dir='ltr'>post</span> <span class='ocrx_word' id='word_1_210' title='bbox 802 4012 1036 4102; x_wconf 83' lang='lat' dir='ltr'>digressionem</span> <span class='ocrx_word' id='word_1_211' title='bbox 1061 4013 1254 4100; x_wconf 85' lang='lat' dir='ltr'>longiorem,</span> 
     </span>
     <span class='ocr_line' id='line_1_29' title="bbox 203 4129 1255 4222; baseline -0.005 -23"><span class='ocrx_word' id='word_1_212' title='bbox 203 4131 366 4222; x_wconf 87' lang='lat' dir='ltr'>quamde</span> <span class='ocrx_word' id='word_1_213' title='bbox 397 4129 512 4198; x_wconf 82' lang='lat' dir='ltr'>Gelliis</span> <span class='ocrx_word' id='word_1_214' title='bbox 540 4131 647 4197; x_wconf 85' lang='lat' dir='ltr'>faeere</span> <span class='ocrx_word' id='word_1_215' title='bbox 678 4131 893 4213; x_wconf 87' lang='lat' dir='ltr'>debebamus,</span> <span class='ocrx_word' id='word_1_216' title='bbox 925 4131 1107 4196; x_wconf 85' lang='lat' dir='ltr'>aearmine</span> <span class='ocrx_word' id='word_1_217' title='bbox 1127 4130 1255 4196; x_wconf 87' lang='lat' dir='ltr'>initium</span> 
     </span>
     <span class='ocr_line' id='line_1_30' title="bbox 202 4245 1253 4338; baseline -0.004 -22"><span class='ocrx_word' id='word_1_218' title='bbox 202 4249 365 4337; x_wconf 89' lang='lat' dir='ltr'>pergendi</span> <span class='ocrx_word' id='word_1_219' title='bbox 402 4247 568 4334; x_wconf 80' lang='lat' dir='ltr'>capiamus</span> <span class='ocrx_word' id='word_1_220' title='bbox 608 4247 694 4336; x_wconf 90' lang='lat' dir='ltr'>quod</span> <span class='ocrx_word' id='word_1_221' title='bbox 729 4269 784 4314; x_wconf 91' lang='lat' dir='ltr'>eos</span> <span class='ocrx_word' id='word_1_222' title='bbox 814 4245 870 4336; x_wconf 90' lang='lat' dir='ltr'>qui</span> <span class='ocrx_word' id='word_1_223' title='bbox 897 4247 977 4313; x_wconf 85' lang='lat' dir='ltr'>haee</span> <span class='ocrx_word' id='word_1_224' title='bbox 1005 4247 1116 4338; x_wconf 87' lang='lat' dir='ltr'>legent</span> <span class='ocrx_word' id='word_1_225' title='bbox 1144 4247 1253 4315; x_wconf 84' lang='lat' dir='ltr'>statim</span> 
     </span>
    </p>
   </div>
   <div class='ocr_carea' id='block_1_8' title="bbox 0 0 1676 5200">
    <p class='ocr_par' dir='ltr' id='par_1_8' title="bbox 0 0 1676 5200">
     <span class='ocr_line' id='line_1_31' title="bbox 0 0 1676 5200; baseline 0 1"><span class='ocrx_word' id='word_1_226' title='bbox 0 0 1676 5200; x_wconf 95' lang='lat' dir='ltr'> </span> 
     </span>
    </p>
   </div>
  </div>
 </body>
</html>
