3342 5200
509 670 585 726 vtm
618 672 667 726 Da
684 673 843 725 canetae
861 674 908 724 m*
926 672 1157 726 cenomanis
1309 675 1360 725 tot

415 843 558 907 euentus
577 840 696 907 maiore
718 852 803 905 meto.
846 863 912 927 qtae
932 840 1024 905 litora
1036 852 1128 925 pcata

416 963 531 1041 ebrato,
551 961 619 1045 qais
641 960 768 1023 ammte
790 981 912 1022 caraem
930 959 968 1023 e'a
989 958 1135 1023 manebas
1155 980 1272 1045 aequor

415 1077 598 1164 aetheraque
620 1078 654 1141 e'a
673 1087 772 1139 terrae
793 1075 906 1138 deiecta
926 1073 990 1139 eale
1011 1073 1181 1155 cadentem,

415 1207 456 1259 tot
475 1217 576 1259 ratem
588 1193 698 1278 finem,
719 1197 819 1257 timeat
839 1193 925 1257 aelli?
943 1216 1002 1257 aaa
1022 1203 1116 1256 uacat
1135 1192 1212 1257 ullae

413 1336 471 1396 pra
493 1334 527 1377 ae
539 1310 633 1397 serre
654 1322 744 1374 metm
763 1334 774 1400 ,ᾗ
794 1310 890 1374 arbi
908 1308 1126 1395 Mayaaqae
1146 1313 1312 1374 timetur.

312 1472 347 1528 et
370 1462 515 1529 Senecae
536 1460 671 1527 Medeae
693 1459 755 1525 885

462 1611 581 1677 auidae
596 1635 655 1697 per
675 1633 793 1675 omnem
815 1610 918 1695 reqe'ae
936 1620 1056 1695 partem
1074 1613 1152 1685 furit

461 1741 493 1793 at
511 1734 611 1793 iassae
632 1732 708 1816 ianm
728 1753 740 1793 .·
760 1732 821 1792 iam
842 1729 951 1793 domae
971 1739 1032 1792 tata
1053 1726 1171 1810 oceidit,

463 1845 554 1909 orbi
572 1848 736 1908 timetur.

312 2012 451 2100 denique
472 2014 530 2079 uix
552 2010 710 2100 estquod
734 2012 863 2099 longius
884 2010 1081 2100 explicemus
1103 2034 1199 2099 quam
1223 2011 1359 2100 simplex

312 2154 333 2195 a
354 2130 507 2196 ductuum
534 2130 714 2195 litterarum
741 2127 968 2215 probabilitate
999 2128 1079 2195 baec
1107 2128 1148 2194 sit
1176 2128 1358 2195 emendatio

312 2246 478 2334 multoque
493 2245 666 2335 simplicior
684 2269 790 2334 quam,
805 2255 842 2311 ut
858 2246 1017 2333 exemplis
1034 2244 1161 2311 duobus
1180 2255 1263 2329 utar,
1284 2269 1359 2311 eon·

309 2364 452 2429 iacturae
473 2365 613 2429 Aldinae
634 2386 663 2428 a.
685 2364 1146 2446 immundationem,
1168 2369 1266 2429 ament
1283 2363 1358 2430 Bri·

311 2484 435 2547 taaae‘ae
448 2491 480 2547 et
492 2481 669 2547 Froebneri
681 2479 804 2568 (philol.
819 2480 971 2563 xn11583)
984 2484 1063 2545 tanc
1075 2480 1181 2545 Gallia
1194 2480 1360 2546 extimescit

311 2612 339 2664 et
360 2600 540 2680 Britannia,
556 2622 638 2686 quae
651 2598 771 2686 alioqui
786 2597 921 2664 uitiosae
935 2610 1018 2664 sunt.
1048 2596 1188 2664 efficitur
1203 2598 1289 2663 enim
1301 2596 1358 2664 illa

311 2740 350 2782 eo
365 2717 450 2803 quod
466 2716 558 2781 Haac
573 2717 606 2780 in
621 2718 714 2782 Noae
728 2726 826 2803 atque
843 2722 922 2781 timet
938 2715 972 2781 in
991 2717 1111 2780 timetur
1132 2724 1357 2781 commutatur.

311 2855 394 2921 quae
408 2843 547 2921 utraque
561 2832 697 2899 mutatio
712 2834 868 2899 facillima
889 2843 946 2898 est
989 2843 1025 2897 ut
1047 2833 1087 2897 de
1101 2832 1135 2896 H
1150 2844 1183 2899 et
1197 2832 1228 2897 N
1243 2833 1358 2898 litteris

309 2950 494 3037 saepissime
527 2951 666 3015 confusis
698 2960 822 3016 taceam
855 2951 918 3034 (cf.
949 2972 1014 3015 xvu
1044 2950 1086 3014 23
1112 2952 1209 3015 Hanc
1237 2949 1266 3014 L
1297 2972 1356 3037 pro

308 3071 403 3142 Nunc
425 3087 512 3132 ovini
532 3067 554 3130 2
574 3067 668 3132 Nona
691 3068 721 3132 D
747 3089 806 3154 pro
825 3068 918 3132 Hanc
939 3087 1032 3133 Lxxv
1053 3063 1126 3132 Hae
1146 3077 1282 3155 uterque
1296 3090 1355 3155 pro

309 3189 404 3251 Noae
424 3207 490 3248 xxu
513 3186 532 3248 9
554 3207 630 3249 xxm
652 3184 694 3248 24
716 3204 815 3249 vaui
841 3184 901 3251 152
921 3186 989 3249 Nea
1008 3185 1041 3249 D
1068 3207 1128 3272 pro
1156 3185 1244 3249 Haec
1267 3204 1356 3250 Lxuu

308 3304 370 3368 385
390 3301 511 3366 Nereus
533 3300 561 3365 L
589 3325 647 3388 pro
669 3301 806 3367 Heroum
830 3322 920 3368 van
942 3304 994 3368 43.
1016 3303 1057 3368 46
1079 3304 1213 3368 Homine
1233 3304 1266 3368 D
1294 3325 1354 3390 pro

309 3421 477 3504 Nomine),
511 3419 729 3485 adnotandum
757 3427 806 3484 est
837 3421 971 3485 alteram
1007 3420 1104 3486 etiam
1138 3420 1355 3487 coniecturam

310 3535 577 3625 promptissimam
609 3557 678 3600 esse
699 3536 916 3623 :praesertim
945 3536 971 3601 si
1000 3538 1169 3602 statuimus
1198 3538 1356 3626 syllabam

309 3654 455 3720 ultimam
476 3653 568 3718 uerbi
589 3655 710 3718 timetur
730 3653 764 3717 in
786 3654 961 3742 archetypo
990 3677 1049 3742 per
1070 3665 1181 3721 notam
1202 3657 1355 3745 scriptam

307 3770 406 3836 fuisse
429 3771 526 3855 (timet
535 3771 562 3854 ²)
584 3796 592 3836 z
615 3793 697 3857 quae
723 3782 800 3836 nota
827 3773 924 3836 etiam
948 3795 1015 3836 xvu
1037 3773 1058 3837 6
1080 3773 1270 3858 (suscipiant
1285 3775 1312 3856 2)
1335 3798 1355 3839 a

308 3887 421 3953 scribis
450 3889 598 3973 neglecta
621 3889 722 3954 uideri
751 3889 862 3974 possit.
906 3888 962 3955 sed
992 3890 1068 3955 illud
1102 3892 1222 3956 timetur
1253 3894 1354 3958 omni·

307 4006 367 4070 bue
399 4004 513 4070 litteris
543 4005 756 4093 perscriptum
791 4004 889 4071 fuisse
921 4007 1051 4072 eredere
1083 4016 1117 4073 et
1147 4031 1205 4095 pro
1237 4031 1353 4075 memo·

308 4120 388 4186 riola
416 4121 594 4187 litterarum
620 4122 768 4188 binarum
797 4125 987 4190 amissarum
1009 4125 1147 4211 spatium
1168 4125 1252 4192 inter
1273 4134 1354 4193 amet

309 4249 339 4304 et
360 4252 388 4304 et
407 4238 556 4305 inlibris
584 4262 649 4306 non
677 4241 772 4307 nullis
799 4241 945 4308 relictum
972 4242 1171 4330 adgnoscere
1198 4255 1351 4333 praestat.
