3342 5200
321 649 370 698 174
587 646 633 694 Vll
669 646 716 696 DE
734 645 874 697 l'l'INERll
893 643 1091 697 mulmento

320 813 378 877 bus
400 812 548 877 Athesim
571 821 603 876 et
624 811 782 876 Mincium
814 811 931 876 fluuios
957 812 1046 876 fossa
1074 810 1262 897 nauigabili
1287 810 1365 875 inter

318 928 481 993 Veronam
503 937 535 993 et
550 927 743 993 Vallaticum
760 927 953 1014 (Valeggio)
969 928 1074 1009 ducta,
1098 927 1192 992 cuius
1213 926 1364 1015 reliquiae

319 1044 414 1109 hodie
441 1045 517 1109 dum
538 1043 728 1131 conspicuae
750 1044 833 1124 sint,
870 1046 1059 1110 coniunctos
1091 1046 1195 1110 fuisse
1228 1043 1363 1109 coniecit

318 1173 430 1250 postea
470 1162 654 1227 adcuratius
696 1161 757 1226 hac
793 1162 833 1225 de
868 1183 903 1225 re
939 1182 974 1225 se
1008 1161 1243 1249 inquisiturum
1279 1161 1363 1249 polli-

320 1280 412 1343 citus.

400 1429 439 1493 In
461 1426 617 1513 Bithynia
643 1425 732 1512 ipsa,
761 1447 833 1489 cum
865 1422 1004 1489 reditum
1033 1433 1162 1511 pararet
1190 1446 1271 1490 uere
1292 1426 1364 1489 suni

317 1545 449 1622 698l56,
475 1553 572 1630 poeta
602 1563 730 1607 carmen
760 1563 884 1605 xxxxvr
917 1540 991 1605 Iam
1028 1564 1084 1605 uer
1112 1543 1250 1629 epelr'dos
1271 1542 1363 1628 refert

317 1675 436 1747 tepores
465 1660 593 1747 scripsit
622 1669 654 1724 et
682 1660 715 1724 in
746 1657 853 1723 reditu
873 1658 944 1745 ipso
965 1656 1073 1722 fratris
1094 1656 1282 1745 sepulcrum
1303 1680 1362 1722 me

317 1779 419 1843 moria
449 1778 502 1864 pia
529 1797 727 1863 prosequens
753 1798 884 1840 carmen
911 1794 942 1840 cr
976 1775 1094 1839 Multas
1120 1797 1180 1859 per
1205 1788 1310 1860 pentes
1338 1787 1363 1840 et

315 1896 413 1961 nrulta
434 1919 495 1980 per
524 1916 659 1979 aequore
685 1904 797 1956 uectus.
848 1914 921 1956 cum
948 1891 980 1956 in
1011 1891 1142 1957 Italiam
1171 1902 1205 1957 et
1233 1892 1268 1956 in
1293 1901 1361 1981 pro

315 2012 452 2077 uinciam
471 2010 609 2097 patriam
630 2008 823 2091 aduenisset,
846 2007 1037 2075 Sirrnionem
1052 2009 1278 2095 paeninsulam
1300 2001 1362 2074 car'·

316 2129 404 2194 mine
424 2150 503 2192 xxxi
525 2126 630 2191 Poene
651 2127 826 2192 insularum
850 2124 961 2191 sirmio
986 2126 1218 2211 sucularumque
1244 2126 1360 2193 suauis

314 2248 394 2312 simo
416 2242 577 2326 salutauit,

415 2445 506 2509 quom
527 2434 554 2485 te
575 2420 703 2485 libenter
724 2443 875 2506 quamque
896 2420 994 2485 laetus
1013 2421 1114 2485 iuuiso

411 2538 469 2602 πίω
490 2538 538 2602 mi
556 2537 626 2622 ipse
647 2536 777 2601 credens
803 2536 958 2622 Thyniam
979 2548 1070 2623 atque
1092 2536 1251 2622 Bithynos

413 2655 540 2740 liquisse
561 2676 682 2738 campos
703 2664 731 2717 et
749 2654 854 2717 uidere
874 2665 901 2716 te
922 2655 955 2717 iu
976 2664 1046 2717 tuto.

311 2831 419 2918 paullo
441 2837 515 2917 post
536 2829 598 2894 hoo
620 2850 758 2912 carmen,
780 2828 814 2893 id
835 2828 921 2915 quod
945 2852 987 2894 ex
1008 2849 1121 2893 uersus
1134 2828 1178 2892 24
1198 2831 1363 2896 uocabulo.

311 2949 479 3012 nouissime
500 2946 654 3034 sequitur,
678 2968 807 3011 carmen
821 2969 863 3009 uu
879 2945 1031 3010 PlaseIus
1055 2944 1107 3009 ille
1127 2969 1217 3031 quem
1238 2947 1358 3029 uidetis,

311 3065 443 3149 hospites
464 3062 615 3149 scriptum
638 3069 695 3125 est.
740 3058 878 3147 deniquo
908 3084 980 3126 cum
1010 3062 1179 3148 prouincia
1200 3063 1358 3150 Transpa-

312 3180 397 3246 dana
417 3180 527 3246 relicta
548 3190 645 3266 poeta
660 3179 796 3244 Romam
819 3177 961 3245 uenisset
981 3178 1092 3267 ibique
1111 3178 1152 3243 ab
1174 3180 1358 3245 hominibus

311 3297 421 3362 amicis
443 3307 474 3361 et
497 3294 641 3377 curiosis,
664 3305 700 3360 ut
714 3294 784 3360 fieri
807 3294 900 3371 solet,
923 3295 1233 3382 interrogationibus
1253 3297 1357 3384 inpor-

310 3415 398 3480 tunis
427 3413 521 3478 uelde
542 3422 734 3494 uexaretur,
766 3434 817 3477 res
847 3411 902 3476 illa
937 3411 1054 3477 accidit
1082 3435 1180 3500 quam
1210 3412 1356 3480 Catullus

310 3532 343 3597 in
366 3531 507 3595 carmine
528 3555 551 3596 x
579 3530 682 3594 Varus
704 3551 857 3593 menceus
877 3531 921 3592 od
946 3553 1014 3593 suos
1041 3551 1161 3594 amores
1186 3529 1297 3618 lepide
1325 3541 1356 3597 et

309 3647 416 3712 iocose
458 3645 615 3712 narrauit.
673 3645 713 3709 de
755 3644 844 3709 cuius
880 3643 1030 3710 carminis
1066 3669 1162 3711 uersu
1198 3649 1354 3733 nigesimo

309 3773 401 3829 sexto

587 3919 774 3981 commodum
795 3916 875 3980 euim
896 3915 963 3979 uolo
984 3918 1027 3979 ad
1048 3915 1191 4002 Serapim

458 4031 583 4115 deferri

309 4194 373 4260 iam
401 4192 548 4279 Scaliger
577 4200 609 4255 et
640 4191 775 4256 Vossius
802 4199 890 4255 recte
918 4191 1112 4257 adnotarunt
1131 4190 1188 4256 illo
1210 4200 1349 4279 tempore
