3342 5200
492 657 541 707 Vll
576 657 623 708 ΒΕ
640 656 782 710 Irmene
799 655 997 709 Blmmco
1213 653 1261 752 ψ

214 822 351 889 Romuli
372 817 551 910 Remique’.
594 822 733 911 (lenique
761 821 912 912 equidem
940 845 1005 888 non
1033 823 1264 905 contenderim,

215 941 304 1028 quod
336 938 567 1028 interpretibus
595 941 736 1027 placuit,
774 940 935 1006 uocabula
970 933 1195 1005 ‘inrumatoris'
1230 949 1264 1006 st

214 1050 365 1144 ‘uerpae‘‚
389 1055 507 1144 quibus
527 1056 699 1122 Memmius
721 1080 745 1122 x
767 1057 807 1121 12
828 1067 862 1122 et
882 1078 981 1122 xxvm
997 1058 1046 1122 10.
1063 1057 1103 1121 12
1122 1056 1265 1124 nomina

214 1183 277 1254 tur,
300 1172 388 1238 omni
411 1172 572 1238 obscaena
592 1171 830 1258 significatione
846 1194 967 1238 cerere.
1009 1173 1155 1239 consulto
1177 1174 1262 1240 enim

215 1299 248 1356 ot
265 1292 415 1356 acumine
437 1290 578 1377 quodam
598 1290 715 1356 acerbo
736 1311 830 1355 usum
852 1300 932 1376 puto
948 1289 1112 1357 Catullum
1132 1289 1264 1356 nomina

216 1406 334 1494 quibus
362 1406 447 1472 illius
473 1429 599 1472 morum
625 1406 872 1494 peruersitatem
900 1407 1133 1494 perstringeret
1154 1430 1174 1472 a
1193 1407 1263 1472 libi·

215 1523 341 1589 dinibus
363 1523 577 1611 desumpsisse
598 1546 606 1587 :
627 1522 789 1589 hominem
804 1523 889 1588 enim
903 1522 1043 1589 maxime
1055 1523 1262 1589 libidinosum

215 1639 405 1705 Memmium
427 1640 543 1724 fuisse,
575 1650 612 1706 ut
643 1640 721 1705 nibil
753 1640 793 1705 do
820 1640 1015 1706 carminibus
1040 1640 1171 1706 lasciuis
1192 1641 1263 1705 eius

217 1756 333 1840 dicam,
355 1757 431 1824 indo
452 1758 581 1845 conligo
604 1757 690 1844 quod
712 1767 745 1822 et
766 1757 809 1822 M.
831 1755 959 1822 Luculli
980 1779 1115 1822 uxorem
1136 1755 1263 1822 uitiauit

215 1874 270 1958 (cf.
306 1872 497 1940 Ciceronem
531 1875 570 1938 ad
603 1872 748 1938 Atticum
778 1897 786 1938 ι
819 1872 859 1936 18
882 1872 918 1956 3)
955 1881 988 1938 et
1020 1895 1093 1937 cum
1127 1872 1262 1959 Pompei
1312 1903 1316 1908 ·

215 2013 317 2056 uxore
345 2012 413 2054 rem
444 1998 500 2054 aut
526 1989 640 2055 habuit
667 2001 723 2054 aut
744 1988 865 2053 babere
885 1988 987 2053 uoluit
1008 1989 1064 2073 (cf.
1087 1986 1262 2055 Suetonius

214 2107 253 2172 de
271 2105 492 2194 grammaticis
509 2107 548 2170 14
562 2130 593 2193 p.
612 2106 668 2168 111
689 2103 970 2190 Reifferscheidii).
1013 2113 1113 2170 restat
1131 2116 1169 2170 ut
1188 2127 1262 2170 con-

215 2222 395 2288 sideremus
417 2223 493 2308 quid
516 2221 574 2287 sibi
596 2220 675 2286 illud
696 2225 792 2286 lentas
814 2221 892 2287 uelit
914 2221 948 2285 in
969 2220 1031 2286 boc
1052 2243 1148 2285 uersu

424 2410 441 2453 o
463 2387 600 2470 Memmi)
623 2387 695 2452 bene
713 2411 762 2452 me
782 2413 819 2452 uc
840 2391 892 2452 ἀίω
912 2392 1053 2473 supinam

424 2516 482 2570 toto
503 2507 566 2570 istu
587 2505 672 2569 trabe
692 2507 783 2569 leatus
804 2506 975 2570 iarumasti.

212 2672 295 2738 haec
322 2671 398 2737 licet
419 2672 464 2737 ita
491 2670 636 2759 pluribus
657 2672 766 2737 uerbis
788 2672 925 2759 exprimi
947 2696 955 2737 :
975 2666 1004 2736 ‘o
1026 2671 1180 2755 Memmi,
1212 2672 1263 2737 uir

212 2787 483 2871 libidinosissime‚
505 2788 695 2855 lentitudine
710 2799 766 2854 tua
785 2790 901 2855 mirum
923 2798 1078 2876 quantum
1093 2812 1145 2855 me
1166 2811 1262 2855 uexa-

213 2907 288 2973 uisti
321 2906 527 2994 pessimeque
555 2927 607 2971 me
635 2900 799 2971 tractasti'.
843 2905 1065 2971 lentitudinem
1096 2928 1174 2971 uero
1202 2903 1262 2970 Oa-

212 3024 310 3089 tullus
332 3023 458 3088 tardam
490 3022 646 3087 incuriam
669 3032 701 3087 et
722 3022 889 3089 socordem
911 3022 1149 3110 neglegentiam
1170 3044 1261 3109 prae-

213 3142 293 3206 toris
336 3133 411 3205 ‘non
453 3138 600 3205 facientis
641 3138 697 3225 pili
724 3134 913 3205 'cohortem'
955 3139 1140 3227 adpellauit.
1195 3140 1261 3205 iam

213 3255 360 3323 Achilles
397 3253 534 3336 Statius,
577 3253 718 3320 omnium
755 3253 875 3321 Catulli
911 3256 1123 3342 interpretum
1163 3256 1260 3342 longe

213 3374 376 3461 optimus,
407 3376 495 3441 bene'
509 3372 636 3437 Afranii
657 3372 762 3437 locum
796 3374 905 3439 attulit
933 3395 974 3439 ex
1006 3373 1219 3461 Emancipato
1241 3398 1261 3438 a

213 3488 361 3557 Charisio
385 3514 402 3553 ιι
428 3490 486 3554 183
509 3488 537 3553 Ρ
559 3499 751 3577 excerptum
773 3490 858 3577 apud
880 3490 1097 3556 Ribbeckium
1120 3515 1150 3577 p.
1174 3490 1235 3556 150

405 3664 500 3727 qaam
521 3642 600 3706 leole
621 3654 732 3706 tractat
751 3666 796 3707 me
817 3655 905 3728 atque
926 3643 1045 3708 inludet.

212 3800 381 3877 praeterea
402 3792 441 3856 of.
463 3791 621 3857 Laberius
643 3791 675 3857 iu
699 3790 924 3879 Conpitalibus
945 3795 988 3860 29
1007 3795 1103 3861 Ribb.

354 3966 436 4008 auno
457 3957 488 4008 tu
510 3938 622 4027 lectudo,
644 3968 724 4009 nuuc
746 3957 779 4009 tu
801 3968 913 4031 sasque
933 3949 1031 4033 deque
1043 3946 1119 4032 fers

213 4123 283 4165 cum
300 4102 346 4166 eis
363 4123 446 4187 quae
462 4100 589 4168 Gellius
603 4124 658 4167 xvs
673 4103 693 4167 9
707 4103 728 4167 3
742 4102 920 4169 adnotauit.
956 4113 1054 4191 etque
1069 4105 1257 4170 Memmium

214 4217 305 4305 segni
324 4226 442 4283 natura
473 4238 578 4305 neque
599 4217 721 4285 laboris
742 4221 919 4309 patientem
940 4220 1037 4291 luisse
1059 4221 1148 4291 locus
1169 4217 1258 4285 Cice
