3342 5200
418 677 467 728 lot
693 675 731 728 vl
764 677 812 728 DE
830 675 1012 730 Autumnus
1030 675 1184 730 cmm

416 841 524 908 sertim
555 865 627 908 cnm
653 841 686 908 iu
715 843 791 932 ipsis
818 843 1010 911 Getullimis
1034 845 1197 910 codicibus
1218 842 1367 910 confusio
1388 864 1462 929 pro·

416 958 581 1026 nominum
611 962 716 1026 consi
741 972 774 1028 et
800 964 899 1027 metri
926 970 960 1026 et
987 961 1218 1028 uocabulorum
1247 970 1462 1046 cognotorum

416 1074 458 1142 sd
485 1078 616 1143 modum
643 1077 795 1164 frequens
823 1078 875 1142 sit.
918 1100 984 1165 qno
1009 1077 1051 1146 do
1078 1100 1115 1144 re
1135 1076 1305 1162 conparari
1324 1085 1464 1164 possunt

418 1193 450 1258 bi
479 1193 542 1258 loci
570 1218 578 1258 ε
610 1193 750 1258 nxv187
781 1215 840 1281 pro
867 1207 986 1259 νοείτω
1015 1195 1047 1258 in
1077 1193 1242 1259 codicibus
1271 1195 1401 1260 Dntsno
1430 1202 1465 1258 ot

417 1308 456 1375 L.
487 1308 632 1377 Suutsnii
662 1321 784 1376 nostum
816 1320 1003 1393 exeuntum,
1038 1329 1094 1376 ιιι
1123 1311 1185 1376 209
1212 1333 1272 1398 pro
1303 1312 1404 1376 comi
1428 1309 1464 1374 iu

419 1425 539 1492 eisdem
560 1426 649 1494 libris
662 1427 766 1494 nonni
781 1438 814 1494 ot
827 1450 942 1494 xxxxn
956 1429 978 1492 4
991 1450 1050 1516 pro
1063 1440 1170 1494 nostro
1190 1441 1292 1493 uestro
1306 1426 1464 1513 scriptum

418 1552 486 1626 est,
512 1563 601 1610 nxvn
629 1545 668 1609 19
695 1567 754 1632 pro
776 1545 866 1611 nobb
886 1546 972 1610 uobis
993 1556 1129 1633 uterque
1151 1544 1248 1610 babet
1269 1553 1302 1610 et
1325 1562 1419 1609 vau
1445 1543 1464 1608 i

415 1661 581 1744 Dstnnus,
602 1661 686 1728 idem
710 1679 798 1727 nxnn
821 1662 884 1727 338
904 1685 964 1750 pro
985 1665 1074 1728 uobis
1092 1663 1231 1749 praebet
1249 1662 1352 1742 nobis,
1384 1661 1465 1726 item

416 1795 518 1842 vain
548 1778 605 1844 151
635 1790 764 1844 nodmm
788 1800 848 1866 pro
877 1791 1011 1844 noenum
1037 1778 1135 1845 hebet
1168 1788 1201 1844 et
1227 1797 1411 1844 Lxxxxvnn
1443 1778 1465 1843 9

414 1906 517 1960 outre
547 1916 606 1982 pro
633 1907 756 1978 nosne,
789 1895 882 1960 sicuti
913 1894 946 1961 in
975 1895 1142 1961 Laurentii
1172 1894 1319 1962 Santonii
1350 1893 1466 1960 codice

414 2029 492 2078 nviu
524 2014 539 2076 1
574 2035 633 2100 pro
664 2025 768 2077 nonna
799 2012 920 2100 legitur
951 2025 1060 2078 necue.
1109 2025 1294 2100 praeterea,
1327 2020 1364 2077 nt
1395 2012 1465 2077 alin

415 2126 576 2212 omittam,
609 2129 758 2194 Dntsuus
785 2147 864 2194 nxvi
887 2128 928 2194 79
948 2152 1003 2194 uos
1030 2130 1064 2194 in
1085 2153 1148 2193 non
1168 2146 1224 2193 nx!
1248 2128 1309 2192 104
1328 2129 1407 2191 uolet
1429 2128 1465 2192 in

415 2243 503 2327 codd,
526 2243 617 2310 cuins
630 2244 702 2310 loco
717 2245 754 2311 L.
770 2243 917 2314 Santonii
931 2245 1035 2310 codex
1055 2245 1147 2310 nodet
1161 2245 1266 2326 offert,
1287 2263 1429 2308 Lxxxxv
1444 2244 1466 2308 2

414 2385 525 2426 nonum
545 2360 578 2426 in
597 2384 711 2427 nouam
733 2373 765 2426 et
787 2363 870 2428 liber
885 2360 1029 2428 Santonii
1051 2381 1151 2427 vam
1174 2363 1211 2426 81
1234 2367 1305 2426 noui
1322 2363 1356 2425 in
1376 2361 1467 2426 uouit

416 2479 494 2561 (fuit
523 2476 606 2542 enim
635 2477 668 2542 in
699 2478 876 2565 archetypo
907 2480 1010 2563 conci)
1046 2479 1193 2545 mutauit
1247 2479 1357 2565 itaque
1390 2487 1464 2542 tots

413 2618 476 2676 res,
502 2604 538 2660 ut
558 2592 664 2681 quiuis
685 2593 783 2677 uidet,
805 2606 958 2661 nontam
979 2594 1125 2661 codicum
1147 2595 1338 2661 auctoritate
1359 2617 1464 2683 qnam

414 2710 533 2777 iudicio
556 2712 624 2777 solo
647 2710 751 2777 dirimi
772 2720 889 2796 potest.

496 2826 532 2895 Si
552 2842 664 2911 nocuo,
687 2838 721 2894 ut
736 2850 796 2915 per
817 2838 876 2910 est,
897 2829 1088 2911 restituitur,
1111 2849 1240 2893 onumen
1254 2850 1332 2893 xxvi
1347 2828 1463 2893 nescio

413 2969 455 3012 uu
477 2945 524 3011 ite
546 2956 650 3011 ortum
671 2946 713 3011 sit
732 2955 777 3028 nt,
811 2969 883 3011 cnm
905 2946 1022 3012 uillam·
1038 2968 1130 3011 suam
1151 2946 1192 3010 sd
1215 2945 1379 3011 fcuouium
1402 2967 1465 3010 seu

414 3063 559 3149 quemuis
591 3064 689 3128 alium
716 3064 831 3128 leniter
857 3063 988 3129 flentem
1017 3072 1149 3128 uentum
1177 3062 1358 3149 oppositam
1387 3083 1463 3129 esso

413 3179 531 3245 Furius
546 3180 684 3267 gloriari
706 3181 833 3261 soleret,
856 3178 1014 3261 Catullus,
1039 3179 1125 3245 illius
1147 3179 1300 3265 egestatis
1320 3190 1464 3245 nexstor

414 3296 601 3379 indefessus,
621 3296 694 3362 lusu
718 3297 772 3362 illo
794 3296 967 3361 uerborum
989 3296 1104 3361 uuerbe
1120 3318 1198 3361 usus
1223 3295 1352 3362 diuitias
1378 3318 1462 3383 quus

413 3412 466 3478 ille
481 3399 483 3407 ¹
498 3414 618 3480 habere
649 3414 823 3479 simulabat
852 3413 1043 3479 sanissimos
1065 3436 1135 3480 esse
1158 3412 1276 3479 docuit
1318 3436 1383 3500 qun
1405 3436 1463 3480 ex·

413 3530 586 3617 plicatione
607 3530 786 3618 adprobate
807 3554 872 3597 non
895 3530 1071 3614 erraueris,
1102 3532 1129 3595 si
1150 3530 1308 3596 uocabulo
1330 3531 1463 3597 nilludoe

414 3645 535 3735 aliquid
550 3648 797 3736 contemptionis
813 3649 919 3713 inesse
935 3649 1077 3735 putabis,
1086 3670 1192 3736 neque
1207 3648 1239 3713 iu
1257 3669 1295 3711 eo
1309 3648 1396 3736 qnod
1405 3649 1461 3713 uel

415 3764 683 3852 summnlnporun
695 3763 754 3831 HS
767 3788 811 3829 xv
821 3765 943 3831 milium
954 3775 988 3832 st
999 3784 1042 3832 oc
1053 3788 1258 3830 nummorum
1271 3765 1383 3831 nillulu
1396 3767 1461 3831 isto

414 3878 508 3943 uelde
531 3881 734 3961 onerabatur,
757 3881 893 3946 multum
916 3882 992 3946 salis
1010 3879 1211 3947 reconditum
1227 3904 1298 3947 esse
1312 3882 1460 3969 negabis.

414 4016 520 4082 nequo
541 3996 636 4062 lectio
651 4010 755 4062 nosne
769 4008 961 4083 argumento
983 4020 1048 4086 qno
1062 3999 1290 4063 Hotomennus
1311 4021 1388 4063 unns
1410 4009 1462 4065 est

415 4110 517 4176 refelli
533 4122 649 4198 potest.
678 4114 811 4199 negauit
826 4116 913 4179 enim
927 4138 970 4181 ex
984 4138 1044 4181 usn
1060 4116 1216 4181 sermonis
1232 4114 1342 4182 Latini
1357 4130 1461 4181 noeto

414 4249 473 4315 pro
494 4240 563 4293 neus
584 4229 647 4295 dici
668 4252 762 4318 posse
784 4257 791 4297 :
815 4254 912 4319 quom
933 4254 1001 4297 rem
1024 4233 1084 4299 etsi
1106 4231 1290 4299 adcuratius
1307 4235 1460 4320 persequi
