3342 5200
407 651 471 703 vm
505 652 552 703 DE
571 649 692 701 MORTE
708 647 858 701 FRATRIS
876 646 1030 700 cervum
1195 649 1243 696 trs

280 820 392 885 multos
410 841 466 903 per
483 830 588 904 pentes
609 830 638 882 et
655 817 752 882 multu
770 840 828 903 per
849 838 984 902 aequora
1004 826 1111 880 uectus

349 936 481 1002 aduenio
501 935 556 1005 tas
576 938 720 1017 miseras,
741 934 852 1019 frater,
874 933 920 999 ad
939 933 1099 1026 iuferius¹

194 1119 393 1186 quamquam
415 1119 435 1161 a
455 1105 550 1183 poeta
572 1118 614 1161 ex
631 1094 729 1161 Italia
750 1094 900 1160 ueniente
921 1093 1010 1159 nullo
1032 1092 1127 1160 modo
1149 1094 1246 1159 scribi

196 1215 341 1303 potuisse
372 1236 438 1279 non
465 1211 703 1278 adfirmauerim
714 1260 723 1295 ,
765 1222 875 1277 tamen
913 1211 980 1276 sine
1015 1210 1113 1277 dubio
1145 1212 1245 1278 multo

197 1334 357 1421 aptiorem
379 1354 506 1398 sensum
528 1329 699 1417 accipiunt,
721 1329 748 1394 si
768 1330 803 1393 in
819 1328 927 1394 reditu
941 1330 1077 1417 scriptos
1091 1331 1245 1396 ducimus.

197 1452 347 1516 conferas
368 1471 488 1536 quaeso
505 1447 664 1536 inprimis
685 1448 785 1513 uerba
806 1450 918 1540 multus
933 1470 995 1533 per
1013 1460 1116 1536 pentes
1136 1461 1244 1513 uectus.

196 1578 366 1656 praeterea
395 1565 554 1633 sententia
582 1577 693 1631 nostra
721 1566 868 1632 uersibus
900 1566 1053 1631 extremis
1087 1588 1245 1633 commen-

196 1683 293 1752 datur

349 1832 456 1913 accipe
467 1827 610 1914 fraterno
630 1830 755 1892 multum
775 1828 936 1895 musantia
951 1828 1028 1910 fletu

347 1956 437 2031 utque
458 1945 494 2009 r'u
510 1956 698 2029 perpetuum,
717 1944 828 2027 frater,
850 1967 907 2009 aue
928 1956 1020 2030 utque
1040 1943 1122 2008 ucl.

197 2110 255 2175 uix
271 2109 356 2175 enim
372 2108 518 2176 Catullus
530 2109 571 2173 ab
585 2108 682 2175 Italia
697 2110 841 2193 ueniens,
854 2109 1006 2196 quoniam
1021 2108 1128 2173 fratris
1142 2117 1245 2174 tumu-

196 2230 264 2293 lum
285 2226 401 2292 iterum
426 2227 772 2315 praeternauigantium
796 2250 866 2293 esse
888 2226 1024 2303 sciebat,
1046 2228 1179 2293 fratrem
1200 2222 1245 2292 ‘iu

192 2356 374 2433 perpetuans
395 2365 492 2409 auere
514 2353 547 2410 ct
565 2338 682 2410 ualere’
703 2347 847 2410 iussurus
868 2344 939 2409 fuit.
983 2356 1151 2432 praeterea
1170 2344 1245 2409 inde

198 2484 331 2551 quoque
347 2461 434 2548 quod
448 2460 585 2545 Catullo,
604 2486 676 2527 cum
690 2463 767 2528 naui
783 2463 914 2549 propria
927 2462 962 2527 in
980 2462 1085 2527 reditu
1098 2471 1246 2528 uteretur

198 2590 231 2648 et
245 2580 397 2647 Rhodum
412 2579 570 2664 tenderet,
593 2604 689 2669 quam
706 2582 856 2668 proxime
869 2579 978 2648 fratris
999 2581 1140 2647 tumulus
1155 2604 1244 2670 prae

198 2699 417 2765 teruehendus
451 2699 527 2782 fnit,
568 2700 745 2764 sententiae
777 2707 909 2765 nostrae
944 2697 1066 2787 aliquid
1087 2723 1245 2767 commen·

197 2816 337 2884 dationis
359 2816 512 2882 accedere
533 2815 724 2903 putauerim.

280 2934 335 2999 Ab
349 2934 411 2999 hoc
426 2935 565 2999 carmine
580 2935 669 3021 prius
684 2933 849 3000 discedere
870 2956 935 3000 non
956 2956 1126 3021 possumus
1148 2957 1244 3024 quam

195 3049 381 3139 opinionem
412 3051 574 3137 quandam
595 3072 615 3114 a
635 3071 701 3114 non
722 3048 816 3115 nullis
841 3050 918 3116 uiris
947 3051 1049 3117 doctis
1080 3052 1244 3117 defensam

195 3166 418 3233 refutauimus.
461 3168 621 3234 Antonius
643 3169 726 3231 enim
748 3168 940 3233 Parthenius
962 3169 1003 3234 ad
1025 3191 1153 3234 carmen
1175 3187 1245 3233 va

195 3284 334 3350 bhaec:
357 3283 498 3353 Catullus
519 3308 556 3349 er
573 3284 725 3369 Bithynia
745 3287 778 3350 r'u
793 3284 922 3350 Italiam
945 3299 1093 3351 reuertens
1106 3284 1245 3371 fratrem

196 3403 234 3468 iu
263 3400 409 3488 Plrrype'c
436 3403 570 3467 relictum
601 3403 717 3486 paucis
743 3401 851 3466 diebus
875 3416 947 3488 post
971 3405 1130 3469 inmatura
1151 3414 1247 3468 morte

195 3532 319 3606 raptum
341 3521 464 3602 cmu'sr't,
492 3520 581 3584 cuius
608 3541 687 3584 uuus
710 3521 864 3584 interitum
885 3543 1022 3584 maerore
1048 3531 1186 3597 testatur,
1213 3528 1247 3586 et

197 3637 238 3702 ad
261 3658 391 3702 carmen
413 3655 444 3702 er
469 3638 483 3699 1
508 3637 587 3702 haec
609 3636 763 3700 notauit:
784 3638 934 3702 amiserat
955 3635 1093 3703 Catullus
1112 3638 1246 3723 fratrem

197 3776 291 3819 suum
318 3758 350 3817 iu
383 3755 464 3818 litore
501 3756 628 3819 Troiam
659 3753 823 3819 extinctum
852 3767 941 3842 atque
971 3740 1146 3822 aemulum
1172 3781 1183 3821 .·
1210 3759 1247 3824 r‘u

192 3875 327 3956 paterium
354 3871 457 3957 ltaque
477 3894 616 3936 reuersus
634 3883 721 3957 poeta
743 3873 919 3957 cenotaphio
938 3875 1076 3939 munr‘lrus
1097 3873 1245 3953 fraternis

197 3988 353 4053 rurestr‘tuto
381 3987 521 4069 iuferius
549 3991 678 4053 celebrat
705 3990 906 4077 pietatemque
930 3990 1108 4076 fraternam
1135 3992 1245 4057 acerbo

195 4105 269 4184 flua
297 4105 492 4192 loculumque
523 4118 653 4171 testatur.
696 4105 814 4172 deinde
845 4107 1001 4195 Iosephus
1031 4108 1177 4198 Scaliger
1204 4110 1245 4176 ad

198 4221 349 4289 carminis
371 4244 495 4288 xxxxvr
519 4227 535 4287 l
558 4223 638 4291 haec
658 4223 786 4310 scripsit
807 4249 814 4291 :
838 4227 971 4291 Catullus
998 4227 1143 4293 decedens
1168 4252 1246 4314 prc-

1008 4326 1048 4390 12
