3342 5200
133 650 251 704 XIIII
282 651 329 702 DE
347 649 562 704 cuneumve
581 649 683 702 nxuu
700 649 776 701 uxu
791 647 878 700 LXVI
894 649 983 701 LXIII
997 650 1129 703 xxxuu
1173 651 1225 704 353

136 817 281 882 Balbo
303 827 464 882 seruatam
486 816 632 882 uiolaret
674 816 855 883 hominibus
877 815 1039 884 Brixianis
1061 818 1227 884 Postumio

140 944 189 1000 et
231 933 391 1000 Cornelio
427 945 460 1001 ct
494 928 604 1021 ‘longo
638 929 770 1001 homini'
800 934 890 1001 cuius
924 957 1041 1000 nomen
1077 933 1225 1001 Catullus

143 1178 239 1234 turn
265 1169 431 1234 Veronam
461 1178 572 1234 secuta
600 1167 801 1234 exercendae
829 1166 988 1246 defuerit,
1017 1177 1130 1233 contra
1158 1190 1224 1234 mu-

148 1285 261 1350 lieris
299 1307 390 1350 socer
423 1308 541 1351 nurum
577 1283 835 1350 commodissime
870 1285 1044 1350 conuenire
1078 1286 1184 1371 potuit
1216 1310 1243 1351 τ’

149 1423 281 1489 neque
304 1402 332 1467 is
346 1402 406 1467 hac
421 1402 590 1466 occasione
608 1401 655 1466 uti
670 1401 807 1467 eruhuit
842 1423 922 1466 nam⁴
934 1399 1080 1468 Catullus
1094 1402 1224 1468 ianuam

152 1519 399 1583 Veronensem
427 1517 473 1584 ita
501 1516 713 1605 adloquitur:
739 1543 757 1583 o
786 1518 872 1584 dulei
895 1518 1038 1585 iucunda
1063 1519 1147 1602 usic,
1169 1520 1223 1585 ia·

156 1635 309 1700 cunda
327 1641 491 1722 parenti
1061 1612 1064 1621 Ι

257 1751 405 1818 Tandem
439 1754 546 1820 omnia
576 1753 721 1818 carmina
752 1774 835 1840 quae
868 1752 1015 1820 Catullus
1050 1752 1090 1820 de
1124 1750 1220 1818 homi·

157 1871 269 1936 nibus
324 1869 452 1958 scripsit
503 1869 565 1935 sibi
617 1869 806 1957 aequalibus
857 1879 889 1934 et
930 1869 1038 1934 omnia
1084 1891 1223 1956 quorum

158 1995 321 2074 tempora
362 2009 405 2051 ex
453 2007 561 2051 rerum
603 1985 823 2052 Romanarum
868 1984 1025 2050 memoria
1066 1985 1221 2072 explicari

160 2112 323 2190 poterant
368 2102 620 2168 inlustrauimus.
684 2104 747 2169 iam
792 2103 918 2192 reliqua
959 2111 1034 2168 sunt
1079 2101 1222 2168 carmina

162 2242 278 2306 pauca
320 2242 419 2307 quae,
466 2243 538 2286 cum
580 2221 614 2286 iu
652 2243 686 2286 se
720 2220 799 2286 nihil
835 2219 1022 2286 contineant
1056 2219 1143 2307 quod
1179 2218 1220 2284 ad

112 2397 114 2418 ἶ
163 2334 318 2401 homines
350 2335 465 2402 aetatis
491 2335 612 2404 Catulli
642 2346 698 2402 aut
728 2335 769 2402 ad
796 2359 849 2402 res
875 2335 995 2404 Catulli
1020 2338 1129 2400 'aetate
1158 2336 1221 2400 fac·

113 2515 114 2520 ,
165 2463 222 2519 tas
256 2463 405 2540 gestasse
435 2464 575 2540 spectet,
608 2454 640 2519 in
669 2455 725 2520 tali
754 2454 977 2541 disquisitione
1004 2452 1130 2541 qualem
1157 2452 1220 2518 hoc

168 2568 256 2635 libro
284 2568 479 2636 instituimus
505 2568 639 2637 tractari
668 2579 841 2657 nequeunt
897 2579 972 2636 sunt
1004 2592 1080 2636 uero
1110 2570 1220 2636 haec:

146 2684 263 2751 ‘uxuu
296 2689 419 2752 Peliaco
456 2688 611 2775 quondam
653 2701 825 2775 properatae
864 2690 976 2753 uertice
1013 2688 1110 2773 pinus
1151 2706 1218 2752 uxu

171 2805 381 2882 amoehaeum
410 2827 452 2869 ex
487 2804 691 2893 epithalamio
725 2803 867 2892 quodam
902 2804 1055 2893 Sapphus
1091 2825 1219 2892 expres·

172 2944 244 2985 sum
274 2922 386 3007 Vesper
418 2923 519 3004 odat,
554 2922 678 2986 iuuenes
711 2921 904 3007 rmsurps'te,
938 2942 1053 3006 uesper
1089 2921 1219 3006 Olympo

174 3057 253 3103 uxvr
276 3040 389 3104 Omnia
410 3036 464 3124 qut
481 3039 593 3123 mopsi
612 3037 747 3122 dispenset
761 3037 880 3103 lumina
900 3036 1009 3102 maadi
1027 3056 1103 3102 Lxrn
1121 3034 1219 3121 Super

173 3156 238 3220 alte
264 3166 367 3220 uectus
387 3154 472 3219 Attis
500 3154 593 3219 celeri
616 3165 680 3219 rate
707 3159 803 3219 manc
831 3176 941 3219 xxxun
964 3154 1091 3219 Dabana
1110 3172 1218 3218 sumus

174 3273 208 3337 s'n
227 3271 310 3355 fide:
331 3272 459 3359 quibus,
482 3272 510 3337 si
524 3281 626 3337 artem
640 3271 780 3358 respicis,
803 3278 933 3337 carmen
947 3290 979 3336 m
1002 3270 1088 3359 quod
1111 3268 1218 3337 Catul-

174 3389 224 3455 lus
244 3390 284 3455 ab
304 3390 446 3455 carmine
461 3386 613 3476 Sapphus
634 3388 675 3455 ad
696 3388 835 3475 puellam
856 3388 992 3455 amicam
1013 3387 1133 3475 scripto
1149 3409 1218 3452 mu·

175 3515 280 3571 tuctus
307 3504 350 3571 ad
379 3505 532 3574 Lesbiam
562 3504 681 3571 direxit
709 3505 785 3571 addi
810 3515 926 3593 potest
967 3526 1081 3570 uerum
1108 3515 1218 3569 tamen

177 3632 318 3709 tempora
338 3623 455 3709 quibus
471 3620 616 3689 Catullus
635 3646 762 3689 comam
776 3622 951 3689 Berenices
967 3620 1216 3689 Callimacheam

179 3748 211 3805 et
236 3760 359 3812 carmen
388 3736 543 3823 polverel
569 3762 629 3820 μοι
656 3739 750 3826 advoc
771 3740 845 3817 ἴσος
864 3736 993 3805 θέωσιν
1014 3737 1163 3825 Sapphus
1183 3736 1217 3801 in

179 3858 314 3943 linguam
347 3856 495 3922 Latinam
536 3856 746 3937 conuerterit,
784 3857 938 3944 quoniam
970 3876 1044 3919 cum
1080 3852 1217 3918 aliorum

180 3971 344 4039 carminum
366 3972 565 4060 temporibus
587 3995 710 4038 conexa
731 3983 821 4050 sunt,
841 3972 906 4037 iam
927 3993 1026 4060 supra
1047 3994 1078 4058 p.
1099 3969 1162 4034 273
1183 3978 1217 4035 et

181 4113 209 4178 p.
231 4088 265 4152 78
278 4083 329 4154 'ita
352 4087 585 4154 definiebamus
607 4099 643 4154 ut
665 4112 793 4155 carmen
817 4109 851 4153 nr
873 4090 957 4155 inter
977 4111 1079 4155 annos
1099 4086 1217 4163 692162
