3342 5200
396 621 459 712 Vlld
493 623 541 674 ns
557 620 679 676 MORTE
695 621 845 676 russum
862 624 1017 678 cauma
1183 630 1231 680 rte

183 791 369 878 proiectum
385 812 465 872 esse,
486 789 615 878 qnando
633 790 762 878 quidem
777 791 862 878 apud
879 791 1060 858 Rhoeteum
1082 815 1231 880 promun-

182 906 305 973 turium
329 906 386 991 (oi.
407 907 513 972 axvi
536 915 569 972 et
589 914 703 972 vaud
723 907 765 972 90
786 917 819 974 et
841 910 1027 998 sequentes)
1048 910 1081 976 in
1092 910 1231 994 Troade,

182 1033 273 1090 terra
301 1023 474 1111 Bithyniae
506 1021 600 1090 ualde
632 1023 758 1106 uicina,
789 1024 842 1090 ille
870 1027 1014 1113 sepultus
1036 1037 1084 1092 est
1104 1048 1113 1090 τ
1132 1027 1231 1093 nihilo

182 1141 715 1208 minustsmenillndfslsissimum
727 1151 785 1224 est,
808 1143 895 1232 qnod
906 1143 1030 1230 priores
1040 1165 1232 1212 nersusear

181 1259 280 1324 minis
295 1275 326 1324 cr
341 1259 419 1324 satis
434 1280 595 1347 superque
610 1259 841 1326 demonstrant.
873 1282 1013 1348 namque
1026 1283 1091 1347 qua
1104 1262 1230 1327 ratione

181 1372 348 1459 Catullus,
374 1374 402 1440 si
430 1397 504 1440 eum
530 1375 563 1440 in
591 1374 705 1441 itinere
727 1374 902 1464 Bithynico
928 1377 1030 1443 frater
1059 1376 1230 1444 comitatus

181 1502 268 1559 esset
290 1503 321 1558 et
341 1492 368 1558 si
388 1492 435 1576 is,
466 1514 531 1580 quo
557 1501 704 1580 tempore
729 1493 869 1560 fratrum
897 1516 956 1581 par
983 1494 1016 1558 in
1040 1492 1228 1581 Bithyniam

180 1607 320 1675 tetendit
340 1608 394 1674 uel
416 1630 480 1696 quo
502 1607 590 1674 illine
611 1608 723 1690 rediit,
750 1619 818 1676 tum
840 1620 988 1676 mortuus
1009 1620 1107 1694 esset,
1128 1634 1229 1700 prope

180 1725 307 1810 fratris,
343 1747 441 1814 quem
461 1723 650 1792 morientem
672 1724 823 1810 uidisset,
856 1728 1014 1793 tumulum
1035 1727 1069 1792 in
1089 1729 1229 1795 Troadis

181 1844 278 1908 litore
309 1851 491 1909 extructum
520 1851 610 1910 stans
638 1840 745 1910 dicere
772 1843 933 1932 potuisset
959 1867 994 1910 se
1022 1845 1139 1912 multas
1169 1869 1230 1934 per

181 1970 298 2046 gentes
319 1970 353 2026 et
372 1960 474 2028 multa
494 1981 714 2049 persequere
740 1971 870 2028 nectum
898 1960 941 2026 ad
966 1960 1098 2028 infusius
1117 1963 1229 2030 fratris

181 2076 344 2144 uenisse?
406 2077 536 2165 qnando
579 2078 710 2165 quidem
758 2101 872 2145 sensns
912 2099 1065 2144 uersuum
1102 2078 1228 2144 illorum

180 2195 370 2262 manifestus
392 2194 444 2261 hio
466 2207 515 2262 est
536 2221 544 2262 :
564 2190 691 2264 ‘multos
718 2217 777 2284 per
803 2189 966 2284 populos’,
992 2194 1098 2283 inquit
1119 2196 1228 2263 Catul-

180 2313 252 2395 lus,
286 2307 330 2378 ‘et
360 2313 460 2378 multa
490 2335 548 2401 per
581 2314 684 2380 maria
718 2312 795 2380 mihi
830 2313 969 2378 eundum
1003 2313 1083 2396 fuit,
1124 2313 1228 2379 donec

178 2429 288 2496 fratris
309 2430 469 2496 tumulum
485 2430 616 2497 taudem
637 2429 811 2519 aliquando
833 2431 937 2496 uisere
959 2440 992 2496 et
1012 2431 1111 2518 capiti
1132 2432 1228 2497 caris-

179 2548 261 2614 simo
285 2545 414 2615 inferias
441 2548 610 2615 instituere
630 2537 738 2635 potui'.
781 2548 860 2614 baec
882 2547 989 2613 omnia
1009 2556 1079 2613 tum
1100 2547 1228 2614 demum

177 2688 310 2732 sensnm
331 2688 445 2731 sanum
464 2667 638 2753 praebent,
668 2674 704 2731 ut
732 2665 839 2753 quiuis
857 2663 930 2730 ilico
951 2664 1169 2752 persentiscit,
1200 2664 1227 2729 si

177 2781 299 2849 Catulli
322 2780 422 2849 frater
442 2783 609 2871 aliquanto
630 2790 705 2847 ante
726 2781 788 2847 iter
802 2780 1013 2869 Bithynicum
1033 2793 1067 2847 et
1087 2805 1107 2847 a
1127 2781 1227 2849 fratre

175 2900 277 2986 longe
304 2900 419 2965 absens
446 2909 593 2967 mortuus
622 2920 693 2965 esse
715 2897 866 2964 creditur.
908 2899 994 2964 unde
1015 2899 1107 2965 uides
1128 2922 1226 2989 quam

175 3015 289 3104 inepta
316 3015 448 3083 illorum
478 3015 519 3081 sit
548 3016 708 3081 sententie
730 3016 770 3081 de
790 3015 898 3081 fratris
919 3015 953 3081 in
974 3016 1089 3082 itinere
1113 3016 1227 3103 Bithy-

177 3131 251 3201 nico
267 3130 396 3199 Catullo
416 3142 585 3221 praesente
605 3143 710 3199 morte
724 3155 732 3196 :
747 3156 807 3197 nec
822 3132 956 3198 meliora
969 3143 1044 3199 sunt
1057 3131 1226 3199 Parthenii

177 3250 220 3315 de
241 3250 433 3338 cenotaphio
455 3249 603 3315 manibus
618 3249 768 3314 fraternis
783 3272 802 3314 a
817 3247 947 3317 Catullo
968 3247 1001 3313 in
1019 3249 1124 3336 patria
1137 3259 1227 3317 terra

177 3367 354 3433 constituto
378 3376 576 3448 commenta,
607 3387 689 3454 quae
710 3365 853 3431 rebrtare
875 3365 1079 3453 supersedeo.

259 3484 312 3551 Ea
342 3506 425 3571 quse
453 3505 493 3548 ex
517 3482 585 3549 solo
613 3482 754 3548 carmine
776 3500 805 3549 cr
826 3482 1005 3566 effecimus,
1038 3483 1141 3550 tribus
1162 3484 1225 3551 illis

177 3600 255 3667 loeis
269 3602 305 3667 in
320 3600 437 3689 quibus
450 3600 557 3666 framis
573 3598 721 3665 Catullus
736 3609 906 3687 praeterea
919 3601 1117 3666 mentionem
1139 3600 1225 3685 fecit,

177 3727 213 3782 ut
227 3718 292 3782 iam
306 3716 528 3797 iudicauimus,
543 3716 776 3782 confirmantur
792 3724 824 3781 et
841 3717 950 3803 paullo
965 3716 1151 3783 adcuratius
1165 3717 1224 3783 cir

177 3832 444 3901 cumscribnntur.
487 3845 583 3920 atque
611 3833 651 3898 de
671 3832 806 3899 duorum
830 3834 961 3921 quidem
981 3835 1125 3899 locorum
1146 3844 1224 3901 tem-

177 3972 255 4038 pore
274 3972 374 4039 supra
397 3972 436 4015 ea
461 3949 503 4018 de
527 3972 642 4017 caussa
663 3951 728 4015 iam
753 3948 904 4035 diximus,
926 3950 1002 4039 qnia
1023 3952 1057 4017 in
1078 3951 1224 4018 carmini·

176 4068 235 4135 bus
265 4065 306 4134 ad
341 4065 493 4134 Lesbiam
523 4066 761 4155 spectantibus,
791 4090 875 4154 quae
908 4069 973 4134 iam
1002 4071 1222 4152 tractabimus,

176 4184 389 4273 reperiuntur.
431 4194 507 4251 sunt
527 4183 560 4249 hi
582 4191 696 4251 aarumb
716 4184 864 4252 90-100
890 4195 923 4250 et
950 4200 1065 4349 ppvru·
1089 4185 1221 4253 19-26.

1006 4286 1024 4325 U
