3342 5200
475 631 528 682 1111
563 630 612 683 DE
629 628 808 683 nucumve
825 628 981 683 cmm
1143 670 1147 676 .
1217 630 1252 683 66

203 806 419 885 prorogatum
452 820 524 863 essa
558 819 596 863 eo
626 796 763 864 coniecit
790 796 877 883 quod
905 799 965 865 sub
995 796 1094 863 finem
1124 796 1253 864 demum

205 916 282 981 anni
315 913 467 1003 praetorii
500 916 550 981 sui
578 916 695 993 691163
722 914 898 1003 Pompeius
925 912 1071 1001 Capuam
1092 915 1254 1001 profectus

205 1032 285 1097 est‘l
328 1042 362 1098 at
383 1031 424 1113 Q.
440 1032 594 1099 Metellus
609 1032 713 1115 Celer,
737 1032 873 1099 Clodiae
888 1032 1016 1115 coniux,
1037 1054 1132 1120 quem
1147 1033 1253 1119 ipsum

206 1171 338 1237 quoque
364 1172 394 1215 a.
423 1150 540 1227 691163
567 1159 748 1236 praetorem
779 1148 893 1215 eodem
924 1150 997 1215 loco
1029 1172 1125 1237 quem
1156 1149 1252 1217 modo

205 1268 377 1333 citauimus
408 1266 580 1333 Sallustius
609 1276 718 1333 narrat
748 1267 782 1331 in
803 1289 921 1353 agrum
942 1266 1098 1333 Picenum
1120 1268 1253 1333 missum

205 1406 286 1466 esse,
319 1385 475 1472 cuiusque
495 1385 613 1450 scimus
634 1383 667 1449 in
690 1381 830 1450 Catilina
852 1383 940 1471 apud
960 1382 1134 1450 Platorium
1160 1383 1252 1450 initio

204 1502 281 1567 anni
316 1499 436 1581 ’692162
472 1484 682 1589 opprimendo
718 1510 827 1589 partes
863 1502 987 1589 aliquas
1020 1502 1135 1586 tuisse,
1166 1524 1252 1568 anno

205 1620 267 1686 hoc
278 1620 399 1697 692162
408 1642 467 1708 pro
484 1620 615 1685 consule
627 1618 769 1686 Galliam
787 1617 985 1707 Cisalpinam
1001 1618 1250 1685 administrauit

203 1760 263 1802 cur
280 1736 382 1824 igitur
397 1738 466 1802 cius
479 1737 657 1824 conlegam,
670 1737 761 1803 cuius
773 1738 881 1803 nullae
896 1759 948 1802 res
958 1737 1086 1803 inbelle
1100 1737 1252 1805 Catilina·

202 1855 254 1920 rio
266 1865 379 1941 gestae
395 1862 687 1921 commemorantur
699 1856 757 1939 (cl.
769 1855 998 1921 Hotomannus
1009 1864 1042 1921 et
1053 1854 1251 1922 Garatonins

203 1974 246 2038 ad
268 1970 336 2039 Cic.
358 1994 418 2057 pro
435 1971 521 2038 Soet.
535 1972 556 2036 4
571 1973 616 2055 9),
638 1994 801 2039 sumamus
823 1994 908 2037 anno
930 1971 1050 2037 diutius
1070 1983 1251 2060 praetorem

202 2089 304 2155 fuisse
332 2099 366 2154 et
392 2112 476 2154 anno
508 2100 583 2176 post
611 2090 811 2177 prouinciam
838 2098 970 2155 nactum
998 2089 1101 2154 essc‘?
1141 2088 1251 2177 itaque

204 2207 429 2273 contendimus
462 2206 503 2287 Q.
535 2207 724 2294 Pompeium
756 2206 879 2273 Rufum
910 2229 995 2272 anno
1022 2204 1140 2283 691163
1160 2229 1252 2293 prae·

202 2333 310 2389 torem
332 2334 365 2389 et
385 2326 532 2411 sequenti
553 2325 669 2401 692162
692 2333 919 2413 expraetore,
946 2334 983 2390 ut
1002 2322 1153 2389 Metellus
1175 2347 1252 2412 quo

203 2462 268 2529 quc
301 2441 372 2505 eius
406 2442 561 2529 conlega,
606 2443 830 2529 proconsulem
872 2443 907 2506 in
940 2441 1108 2530 prouincia
1141 2440 1251 2508 fuisse.

202 2557 373 2645 quamdiu
393 2579 471 2624 uero
489 2558 522 2624 in
543 2558 659 2624 Africa
680 2558 786 2643 fuerit,
808 2566 918 2624 utrum
939 2582 1024 2626 anno
1045 2582 1102 2626 suo
1116 2569 1250 2648 peracto

200 2676 277 2741 iude
310 2674 483 2742 decesserit
512 2699 554 2741 an
584 2675 752 2764 prouincia
782 2679 810 2742 ei
840 2687 1017 2764 prorogata
1038 2677 1079 2742 sit
1099 2678 1249 2764 ignotum

201 2801 261 2858 est.
306 2815 391 2860 anno
406 2793 505 2880 igitur
519 2794 636 2873 692162
651 2793 780 2862 Caclius
803 2793 918 2881 uiginti
940 2816 1040 2859 annos
1058 2803 1154 2858 natus
1176 2815 1249 2858 cum

202 2908 242 2988 Q.
257 2905 416 2996 Pompeio
438 2910 471 2974 in
493 2911 693 2997 prouinciam
712 2911 878 2999 profectus
900 2920 956 2976 est
998 2911 1056 2977 sed
1077 2910 1156 2976 nihil
1177 2933 1250 2997 pro·

200 3026 256 3092 bat
277 3025 313 3090 id
335 3027 424 3112 quod
445 3025 717 3113 Iungolaussanus
739 3027 910 3113 probatum
931 3026 1070 3111 iudicat,
1103 3025 1250 3093 Caelium

199 3168 287 3210 anno
314 3144 431 3222 695159
457 3143 586 3208 demum
616 3144 691 3210 inde
716 3143 858 3210 rediisse.
901 3145 999 3208 immo
1024 3144 1154 3212 Caelius
1175 3155 1250 3210 ante

199 3283 322 3326 annum
372 3260 457 3323 hunc
505 3259 538 3324 in
589 3260 716 3326 Italiam
768 3259 917 3325 redierat.
982 3263 1038 3348 qui
1085 3283 1158 3326 cnm
1204 3262 1247 3327 G.

199 3377 397 3461 Antonium,
430 3375 597 3442 Ciceronis
626 3375 658 3442 in
688 3378 856 3442 consulatu
884 3376 1070 3462 conlegam,
1102 3378 1195 3443 initio
1216 3403 1247 3444 a.

198 3495 318 3572 695159
341 3496 381 3560 de
401 3495 568 3558 maiestate
590 3503 769 3574 accusaret,
801 3516 867 3560 non
895 3493 1002 3581 potuit
1028 3495 1090 3560 hoc
1119 3495 1248 3561 demum

199 3635 284 3678 anno
308 3635 351 3676 ex
364 3611 476 3676 Africa
497 3611 639 3676 rediisse.
683 3612 723 3676 de
738 3622 885 3698 tempore
905 3633 1039 3676 caussae
1054 3613 1191 3678 Antonii
1205 3614 1246 3678 cf.

201 3727 269 3795 Cic.
300 3729 339 3794 de
374 3727 470 3794 domo
501 3729 540 3793 16
569 3729 607 3794 41
636 3730 676 3793 ad
707 3729 852 3795 Atticum
876 3753 894 3793 u
919 3728 959 3792 12
979 3729 1009 3794 2.
1052 3731 1129 3816 quid
1160 3729 1248 3816 quod

198 3845 261 3912 iam
293 3845 355 3910 sub
382 3847 481 3912 finam
511 3848 588 3912 anni
610 3845 727 3924 694160
749 3846 923 3934 adparatus
945 3849 1159 3913 accusationis
1181 3848 1248 3912 An-

197 3965 278 4028 tonii
301 3965 524 4030 instruebatur
545 3964 599 4049 (cf.
616 3965 657 4031 ad
673 3964 773 4030 Attio.
789 3989 808 4028 u
824 3966 846 4028 2
861 3964 908 4048 3).
950 3964 1151 4029 manifestum
1166 3987 1245 4050 ergo

199 4090 245 4144 est
267 4090 299 4146 et
321 4083 546 4146 Drumannum
569 4090 601 4146 et
621 4081 910 4168 Iungclaussenum
933 4103 1068 4146 errasse.

1022 4199 1044 4262 5
