3342 5200
316 648 365 698 122
607 645 631 697 V
664 645 713 697 ΒΕ
731 643 911 697 suamve
928 640 1081 696 cervum

313 808 460 876 Catullus
481 810 542 876 sibi
562 809 597 876 in
617 812 756 898 gratiam
778 832 813 876 se
834 809 1026 877 restituisset
1048 817 1082 875 et
1101 816 1212 875 truces
1233 807 1363 878 uibrare

311 927 436 994 iambos
458 925 611 1012 desiisset,
632 947 668 993 ee

555 1085 741 1151 electissima
760 1085 892 1171 pessimi
910 1097 1015 1170 poetae

554 1202 672 1287 serapte
692 1200 854 1287 tardipedi
873 1201 930 1267 deo
951 1201 1095 1267 damam

552 1317 733 1403 infelicibus
753 1315 922 1383 ustulando
943 1316 1045 1404 b'qaa'a.

312 1502 375 1567 iam
420 1500 682 1568 reconciliatione
724 1499 900 1567 amantium
935 1499 1022 1567 facte
1060 1499 1182 1566 Lesbia
1224 1500 1360 1584 Volusii,

199 1654 207 1673 .
311 1628 428 1706 poetae
448 1617 579 1701 inficeti,
601 1618 642 1684 de
664 1639 727 1705 quo
742 1618 828 1683 infra
841 1618 935 1705 plora
950 1617 1087 1683 dicenda
1102 1626 1207 1701 eruut,
1229 1618 1361 1684 annales

311 1737 344 1800 in
367 1735 503 1800 Veneris
535 1734 688 1800 honorem
716 1736 786 1822 igni
815 1734 1052 1801 comburendos
1072 1734 1182 1801 tradit.
1225 1734 1360 1801 Momm-

311 1874 406 1917 senus
428 1851 553 1935 (histor.
575 1851 713 1917 Roman.
735 1873 764 1915 ιιι
784 1851 861 1934 573)
885 1873 1016 1916 carmen
1036 1850 1098 1916 boo
1118 1872 1184 1915 non
1204 1859 1305 1935 recte,
1326 1860 1361 1917 nt

310 1969 389 2034 mihi
420 1967 551 2057 quidem
578 1968 726 2051 uidetur,
760 1966 938 2051 intellexit,
970 1990 1045 2033 cum
1076 1966 1193 2033 doceat
1220 1968 1360 2056 puellam

311 2095 421 2151 uotum
444 2084 520 2149 illud
536 2084 649 2150 fecisse
671 2093 707 2149 ut
722 2082 868 2150 Catullus
884 2084 1009 2152 iambos
1024 2084 1160 2150 acerbos
1181 2085 1222 2151 de
1245 2084 1360 2152 misem

310 2211 397 2269 statu
431 2212 463 2267 et
490 2201 679 2268 condicione
708 2200 754 2265 rei
788 2199 939 2288 publicae
967 2200 1000 2266 in
1031 2201 1099 2266 eius
1125 2203 1360 2287 gubernatores

311 2318 452 2385 scribere
474 2318 636 2384 desineret
658 2327 690 2384 et
716 2318 819 2384 denuo
843 2317 1005 2384 amoribus
1026 2328 1168 2385 uacaret.
1213 2317 1361 2386 catanus

311 2436 395 2521 euim
418 2458 482 2523 quo
504 2444 647 2523 tempore
661 2435 822 2522 principes
845 2435 892 2500 rei
912 2436 1062 2523 publicae
1077 2435 1192 2501 iambis
1208 2437 1359 2519 uexabat,

310 2552 372 2619 nisi
400 2574 509 2620 omnes
530 2551 673 2617 rationes
701 2551 834 2632 fallunt,
864 2551 1001 2618 Lesbiae
1023 2552 1188 2619 amoribus
1208 2576 1276 2621 non
1297 2553 1359 2621 iam

309 2669 470 2735 utebatur.
512 2667 666 2735 Lesbiam
692 2678 803 2735 aetem
833 2668 921 2733 illam
940 2663 1100 2758 ‘puellam'
1119 2668 1238 2755 fuisse,
1270 2672 1359 2738 cuius

310 2795 421 2851 uotum
441 2786 581 2873 lepidum
601 2784 635 2850 in
657 2786 798 2851 carmine
812 2809 915 2851 xxxvi
937 2797 1096 2871 narratur,
1118 2797 1249 2876 praeter
1271 2790 1359 2857 dubi·

309 2905 463 2969 tationem
478 2901 620 2992 positum
642 2913 701 2969 est.
745 2913 781 2969 ut
793 2927 854 2969 nos
868 2926 981 2972 uersus
995 2915 1145 2993 quartum
1161 2915 1194 2971 et
1210 2906 1359 2994 quintum

559 3076 647 3153 nond,
671 3072 703 3137 εἰ
721 3071 784 3137 sibi
801 3073 953 3138 restitutus
974 3095 1066 3138 essem

557 3188 756 3274 desissemque
776 3198 877 3254 traces
897 3189 1021 3270 mbrere
1038 3189 1164 3274 iambos,

217 3458 236 3477 ο
311 3380 441 3458 praeter
468 3371 548 3438 alios
576 3373 640 3438 iam
670 3371 746 3437 olim
775 3371 922 3443 Muretus
951 3381 983 3437 et
1009 3370 1357 3461 Scaliger'explicaue

309 3497 393 3554 runt.
447 3511 519 3553 cum
556 3511 653 3554 uersu
690 3497 804 3575 quarto
834 3489 956 3577 optime
988 3489 1126 3554 conferri
1154 3499 1264 3576 potest
1290 3513 1356 3559 car

308 3603 404 3669 minis
426 3622 508 3688 cun,
529 3606 616 3691 quod
637 3604 733 3670 modo
756 3605 913 3692 excripsi,
936 3627 1047 3672 uersus
1068 3615 1206 3692 quartus
1227 3607 1314 3694 qaod
1330 3619 1356 3672 te

309 3720 456 3804 restituis,
479 3721 602 3806 Lesbia,
624 3724 673 3788 nai
691 3725 806 3809 cupido.
850 3723 891 3787 de
912 3722 1028 3789 iambis
1048 3745 1129 3810 quos
1152 3722 1302 3790 Catullus
1322 3723 1355 3790 in

309 3859 405 3903 uersu
433 3839 546 3924 quinto
579 3849 847 3905 commemoratur
873 3838 907 3904 in
928 3837 1081 3905 Lesbiam
1098 3838 1262 3924 uibrasse,
1295 3863 1354 3907 me

309 3954 444 4019 moriam
491 3955 770 4021 acerbissimorum
819 3955 1164 4043 hendecasyllaborum
1205 3957 1354 4024 carmirds

308 4093 421 4137 xxxxn
462 4081 494 4139 et
525 4072 776 4139 choliamborum
815 4074 966 4141 carminis
997 4097 1111 4140 xxxvn
1140 4083 1173 4140 et
1205 4074 1353 4141 carminis

307 4212 360 4254 ιιιι
381 4189 522 4256 recolere
543 4190 627 4256 lieet.
672 4213 746 4257 nam
769 4191 949 4276 Catullum,
972 4214 1045 4257 cum
1065 4190 1191 4259 iambos
1213 4201 1353 4275 uocaret,
