3342 5200
497 638 574 691 vnn
608 639 655 689 Du
674 637 834 691 CAESARE
853 637 899 687 ET
917 634 1149 689 causamme

507 807 618 869 Rulrre
638 809 773 870 conuenit
793 804 932 891 inprobis
952 802 1104 885 cinaedis,

509 920 693 986 Mamurrae
708 922 895 1007 pathicoque
917 922 1129 1005 Quomque.-

508 1061 563 1102 uec
584 1038 693 1102 mirum
714 1062 722 1102 z
743 1040 882 1102 maculae
899 1060 996 1124 parea
1016 1040 1161 1121 utrisque,

507 1155 625 1218 urbana
646 1154 746 1219 attero
768 1166 796 1219 et
817 1155 878 1219 itta
898 1152 1083 1227 Formiano,

508 1272 671 1356 cupressos
691 1272 823 1336 resideat
844 1292 940 1356 neque
959 1270 1129 1334 educatur:
1212 1308 1214 1311 ⁴

509 1387 649 1452 morbosi
663 1388 787 1473 pariter
804 1388 930 1473 qemelli
946 1388 1077 1473 unaue,

509 1527 569 1570 uno
588 1510 620 1569 ia
641 1507 747 1569 lectulo
768 1504 916 1569 nuditati
932 1504 1030 1586 ambe,

509 1645 567 1686 aon
587 1621 639 1686 tic
660 1644 753 1708 quom
773 1621 825 1686 itte
845 1621 946 1707 moqis
966 1642 1067 1685 corea
1087 1619 1220 1701 adeum

407 1726 409 1731 ¹
509 1738 628 1803 riuales
649 1738 744 1803 soco’ei
757 1740 961 1823 psaltriarum
982 1761 992 1801 .·

507 1856 615 1939 podere
636 1858 770 1920 conuenit
789 1852 932 1939 inprobis
951 1854 1098 1917 aaauu.

309 2090 462 2157 carminis
476 2088 602 2157 initium
620 2098 717 2176 poeta
738 2088 779 2155 ab
802 2086 971 2169 sententia,
992 2095 1029 2151 ut
1048 2086 1094 2152 ita
1115 2085 1237 2170 dicam,
1259 2110 1354 2174 gene

308 2208 370 2274 reli
386 2209 482 2296 capit,
503 2208 647 2295 pulcram
663 2216 696 2272 et
711 2206 823 2271 miram
845 2205 1103 2270 conuenientiam
1127 2215 1159 2271 et
1174 2226 1353 2290 congruen-

308 2326 388 2391 tiam
420 2326 503 2390 inter
530 2324 680 2390 cinaedos
712 2322 911 2388 intercedere
939 2323 1042 2387 solere
1064 2347 1072 2387 ε
1094 2332 1127 2386 et
1155 2322 1228 2387 iiico
1261 2325 1353 2412 quasi

310 2442 451 2530 exempli
479 2441 584 2529 gratia
614 2440 810 2507 Mamurram
833 2449 867 2504 et
888 2440 1061 2505 Caesarem
1082 2440 1233 2506 cinaedos
1253 2442 1353 2507 nomi-

310 2570 395 2627 nat:
415 2563 530 2646 pattici
548 2559 632 2625 enim
655 2557 783 2624 nomine
804 2556 891 2623 idem
911 2557 1070 2646 flagitium
1085 2556 1172 2645 quod
1193 2558 1352 2625 uocabulo

310 2680 429 2744 moedi
439 2676 628 2764 designatur
641 2698 746 2762 neque
761 2697 799 2740 eo
815 2676 988 2764 quicquam
1002 2677 1078 2741 noui
1101 2675 1141 2740 ad
1163 2676 1354 2741 sententiam

310 2796 479 2862 adfertur:
501 2795 556 2861 sed
571 2803 668 2882 pocta
686 2794 864 2861 orationem
886 2793 1069 2860 uariaturus
1091 2793 1125 2858 in
1140 2816 1237 2859 uersu
1250 2794 1354 2859 altero

308 2906 450 3002 ‘pathici'
469 2935 587 2978 nomen
617 2920 649 2976 et
677 2911 717 2976 ad
742 2911 941 2976 Mamurram
963 2921 996 2976 et
1017 2910 1058 2977 ad
1080 2909 1255 2979 Caesarem
1276 2911 1355 2976 refe·

310 3030 446 3097 rendum
476 3027 622 3096 adhibuit
649 3038 685 3094 ut
707 3027 835 3113 eosdem
857 3051 938 3116 quos
959 3028 1063 3116 primo
1085 3050 1181 3093 uersu
1203 3027 1355 3094 cinaedos

311 3147 530 3236 adpellauerat
565 3169 603 3212 eo
639 3146 831 3233 designaret.
887 3168 1000 3211 uerum
1041 3155 1149 3212 tamen
1189 3146 1355 3211 hominum

310 3267 448 3332 istorum
476 3286 667 3330 consensum
694 3273 727 3328 et
752 3263 1002 3329 familiaritatem
1029 3285 1097 3328 rem
1126 3286 1196 3329 esse
1224 3282 1355 3351 prorsus

312 3392 579 3464 consentaneam,
611 3393 647 3446 ut
674 3390 749 3468 pote
781 3403 917 3468 quorum
945 3390 1083 3469 uterque
1110 3381 1207 3468 plane
1236 3380 1355 3447 eisdem

311 3499 398 3566 uitiis
431 3500 472 3565 sit
504 3507 763 3584 conspurcatus:
784 3520 885 3563 unum
912 3506 1036 3563 tantum
1069 3498 1153 3564 inter
1183 3508 1355 3586 utrumque

311 3638 382 3683 esse
410 3614 597 3698 discrimen,
631 3637 704 3681 cum
732 3637 797 3681 non
827 3614 940 3681 eadem
970 3615 1126 3683 ambobus
1152 3619 1229 3682 urbs
1250 3619 1356 3705 patria

311 3735 352 3799 sit
384 3757 392 3799 :
425 3733 559 3806 alterum
600 3733 684 3798 enim
725 3733 851 3799 Romae
890 3733 1036 3823 alterum·
1063 3731 1202 3798 Formiis
1244 3744 1355 3800 natum

312 3870 392 3917 esse.
443 3851 490 3917 ita
526 3850 592 3916 fere
629 3873 758 3916 uersum
798 3860 948 3938 quartum
987 3849 1239 3937 intellegendum
1286 3873 1355 3918 esse

311 3967 405 4034 duco.
457 3968 519 4032 hoc
555 3967 686 4056 quidem
723 3990 808 4055 nego
847 3968 1046 4055 flagitiorum
1081 3968 1356 4035 enumerationem

312 4085 436 4153 abhoc
464 4106 558 4150 uersu
588 4085 749 4173 incipere,
780 4095 816 4152 ut
845 4108 957 4152 sensus
985 4086 1102 4152 euadat
1130 4087 1182 4152 hic
1208 4081 1356 4175 ‘primum

312 4203 439 4292 utrique
469 4202 560 4290 pan'a
590 4202 731 4291 flagitia,
767 4204 860 4270 alteri
891 4205 1016 4270 urbana
1047 4202 1139 4270 alteri
1171 4203 1356 4288 Formiana,
