3342 5200
1095 518 1118 567 1
1191 518 1287 568 DE
1322 517 1712 570 HOMINIBVS
1748 518 2055 572 CATVLLI
2533 535 2594 584 ιδ

487 703 718 747 xxxvii
765 682 806 746 6
869 685 910 763 ἓ
953 682 1033 745 81
1094 683 1257 746 haec
1302 682 1560 767 scripsit
1607 706 1622 747 :
1669 684 1737 746 si
1792 683 2029 767 quidem
2094 700 2250 754 extat
2307 693 2594 784 hodieque

485 799 679 862 huius
717 804 972 884 yeneris
1014 822 1279 886 yemma,
1316 812 1563 884 propter
1604 822 1786 884 qnam
1828 800 1908 862 ab
1938 802 2204 867 Antonio
2239 818 2598 897 prosa-spem

485 927 576 978 est
639 916 899 979 Nonius
960 927 1206 978 senator
1235 963 1254 996 ,
1300 916 1488 997 filius
1549 913 1831 978 Strumae
1874 915 2077 980 Nonii
2126 921 2256 984 eius
2298 947 2468 1007 quem
2515 931 2592 1008 Q,

490 1030 769 1095 Catullus
805 1043 988 1115 poeta
1029 1030 1142 1114 (ci.
1175 1054 1371 1095 carm.
1406 1032 1522 1109 Lu)
1570 1032 1636 1095 in
1683 1032 1838 1095 sella
1882 1035 2077 1096 curuli
2114 1036 2319 1101 uisum
2359 1045 2598 1128 indique

485 1149 639 1211 tulit.
732 1146 847 1212 sed
894 1147 1022 1212 hoc
1068 1148 1241 1227 locu,
1303 1168 1691 1233 quamquam
1736 1147 1826 1211 ita
1871 1157 1942 1212 ut
1997 1152 2249 1215 enotaui
2310 1153 2457 1221 inde
2511 1162 2592 1228 ab

485 1264 835 1329 Harduino
883 1263 1088 1349 uulgo
1135 1263 1474 1339 scribitur,
1539 1271 1754 1326 tamen
1808 1285 1951 1326 cum
2008 1262 2195 1329 lectio
2253 1290 2381 1334 non
2424 1286 2593 1342 recte

483 1381 841 1445 constituta
886 1381 988 1459 sit,
1036 1379 1121 1443 ad
1167 1378 1250 1457 Q.
1294 1399 1693 1466 praenomen
1738 1377 2204 1443 defendendum
2252 1385 2423 1451 abuti
2467 1411 2594 1456 non

482 1496 657 1562 licet.
744 1520 902 1560 nam
950 1519 1097 1560 cum
1142 1497 1207 1559 in
1240 1496 1385 1559 aliis
1418 1494 1745 1560 codicibus
1777 1505 1910 1558 tum
1940 1497 2004 1558 in
2046 1497 2287 1581 optimo
2320 1504 2594 1572 omnium

482 1613 943 1678 Plinianorum
1002 1611 1518 1696 Bambergensi‚
1607 1612 1716 1695 qui
1791 1612 1907 1675 etsi
1974 1611 2038 1675 in
2100 1612 2325 1677 ultimo
2391 1620 2597 1702 operis

482 1728 767 1794 Pliniani
826 1729 995 1793 libro
1043 1728 1127 1791 ab
1174 1726 1412 1812 insigni
1458 1747 1574 1790 sua
1615 1727 1899 1790 bonitate
1944 1726 2295 1811 paullulum
2340 1735 2596 1818 recedit,

479 1856 700 1911 tamen
744 1845 853 1909 uel
901 1846 995 1909 sic
1042 1856 1296 1908 ceteros
1339 1841 1590 1906 codices
1643 1842 2030 1906 auctoritate
2072 1843 2273 1907 multo
2319 1863 2595 1933 superat,

481 1964 601 2046 (cf.
642 1960 886 2048 Silligii
916 1960 1190 2047 praefat.
1241 1978 1266 2021 1
1312 1978 1358 2022 L
1404 1957 1543 2022 Iani
1591 1958 1741 2021 edit.
1789 1980 1829 2021 v
1880 1960 1964 2040 ιιι)
2012 1980 2401 2043 praenomen
2442 1964 2598 2034 illud

482 2080 796 2143 omissum
846 2088 965 2142 est.
1095 2097 1298 2161 quare
1343 2073 1717 2139 Ludouicus
1761 2074 1955 2137 Ianus
2007 2096 2212 2159 nuper
2256 2074 2337 2155 Q.
2382 2090 2596 2148 notam

481 2196 655 2262 illam
705 2217 742 2259 e
799 2196 943 2260 loco
990 2192 1295 2258 Pliniano
1354 2191 1490 2254 iure
1550 2192 1792 2275 optimo
1856 2190 2061 2253 eiecit.
2160 2214 2326 2277 quae
2391 2216 2597 2264 emen-

483 2313 681 2378 dandi
745 2314 916 2378 ratio
977 2310 1175 2376 etiam
1231 2331 1307 2372 eo
1349 2307 1833 2372 commendatur
1897 2305 2070 2392 quod
2115 2306 2398 2389 Plinius,
2460 2313 2598 2379 ubi-

482 2451 766 2516 cumque
795 2439 1063 2516 praeter
1090 2426 1308 2491 locum
1349 2445 1536 2512 quem
1571 2422 1906 2487 citauimus
1938 2420 2172 2487 Catulli
2206 2426 2594 2494 mentionem

479 2547 672 2631 fecit,
727 2567 1130 2634 praenomen
1181 2541 1397 2608 omisit
1455 2539 1568 2624 (cf.
1628 2538 1826 2625 praef.
1895 2540 1936 2619 ξ
1985 2541 2016 2601 1
2083 2562 2283 2604 xxvm
2327 2542 2369 2606 2
2430 2547 2470 2624 ξ
2518 2547 2594 2611 19

478 2688 687 2731 xxxvi
727 2665 770 2730 6
814 2667 855 2745 ἓ
901 2663 985 2727 48
1052 2662 1135 2725 21
1181 2663 1222 2742 ἓ
1271 2659 1443 2740 154),
1488 2656 1678 2721 sicuti
1724 2657 1917 2720 etiam
1976 2656 2272 2741 quotiens
2315 2657 2594 2746 Vergilii

478 2781 745 2847 Horatii
791 2778 1017 2848 Ouidii
1076 2775 1344 2843 nomina
1403 2772 1650 2852 attulit,
1709 2769 1946 2835 totiens
1989 2773 2408 2856 praenomina
2450 2777 2592 2842 reti-

479 2899 631 2967 cuit.
716 2897 894 2963 unde
959 2917 1118 2962 uero
1184 2891 1297 2957 illa
1358 2888 1441 2968 Q.
1496 2897 1652 2951 nota
1711 2886 2158 2952 commenticia
2218 2888 2284 2953 in
2347 2890 2596 2979 aliquot
