3342 5200
519 587 532 637 1
566 586 614 638 DE
631 584 823 639 HOMINIBVS
840 586 994 639 csuvnnl
1247 587 1278 637 18

229 754 294 817 iam
320 752 512 817 Theodoms
536 752 680 838 Heysius
704 752 751 838 (iu
778 752 919 819 editione
948 774 1007 817 aua
1037 774 1071 838 p.
1097 750 1190 834 296),
1223 749 1280 838 qui

229 869 373 935 codicem
396 866 647 933 Riceardianum
670 868 742 955 ipse
762 868 937 935 contulisse
957 867 1094 947 uidetur,
1114 867 1278 954 dispexit:

229 1007 336 1073 neque
357 984 391 1049 id
412 983 546 1049 dubium
568 984 596 1048 ei
618 1006 689 1049 esse
708 986 827 1070 poterit
849 988 905 1071 qui
926 984 980 1051 uel
1000 1006 1104 1072 pauca
1124 994 1281 1071 excerpts

230 1124 314 1191 quae
336 1101 421 1188 apud
442 1100 684 1167 Lachmannum
706 1104 911 1188 reperiuntur
938 1124 1012 1166 cum
1038 1123 1115 1165 cusa
1137 1101 1280 1167 conside

142 1264 144 1267 -
229 1240 303 1284 rare
324 1218 471 1284 uoluerit.
515 1218 603 1307 quod
622 1241 663 1284 ne
683 1218 752 1283 sine
780 1219 981 1305 argumentis
1007 1218 1129 1285 dixisse
1158 1218 1279 1301 uidear,

228 1358 295 1401 non
318 1334 408 1401 nulla
429 1334 577 1421 exemplu
595 1356 784 1399 enumerare
805 1336 904 1417 lubet,
927 1334 1045 1422 quibus
1059 1344 1093 1400 et
1106 1335 1279 1401 concordia

229 1474 313 1539 quae
328 1451 542 1517 Rieoardiano
557 1474 630 1517 cum
644 1452 773 1517 Datuno
796 1462 847 1518 est
867 1461 901 1518 et
921 1450 1082 1519 uecordia
1102 1474 1168 1541 qua
1187 1453 1274 1519 idem

228 1593 249 1634 a
272 1569 438 1633 codicibus
460 1568 531 1634 aliis
553 1568 649 1634 distat
667 1570 832 1655 probetur,
854 1568 954 1634 ueluti
968 1589 1026 1635 uxr
1040 1568 1101 1633 227
1116 1592 1176 1657 pro
1190 1569 1276 1635 codi-

228 1688 276 1751 cis
299 1687 327 1751 L
349 1696 444 1751 matre
464 1688 530 1750 luas
549 1709 645 1773 penus
666 1683 746 1750 inD
765 1695 798 1752 et
817 1686 850 1751 R
863 1685 984 1772 legitur
995 1688 1160 1752 maribam
1170 1710 1276 1773 peaes,

229 1804 309 1869 item
331 1802 505 1867 cx=n1227
527 1802 555 1869 L
577 1802 661 1867 diest
680 1828 689 1867 ε
710 1804 743 1868 D
762 1804 852 1889 dnyet
871 1802 903 1868 R
929 1802 1020 1891 depes,
1041 1820 1115 1868 curn
1140 1805 1156 1867 l
1178 1800 1278 1888 Lpo

226 1920 344 2006 palari
368 1919 526 1985 ardinio:
554 1919 586 1984 D
613 1921 740 1985 arbritio
759 1966 891 1987 .....
916 1918 950 1985 R
975 1918 1100 1984 urbitn'o
1122 1920 1278 2005 populari,

231 2056 392 2103 Lxxxxvu
415 2040 436 2103 5
462 2038 488 2101 L
516 2036 564 2101 bic
585 2036 684 2101 deam
703 2062 710 2103 :
730 2038 763 2102 D
785 2038 835 2103 llic
854 2038 955 2102 dentis
975 2036 1031 2101 dos
1052 2036 1084 2101 R
1104 2036 1157 2100 tio
1178 2036 1278 2101 dentis

230 2178 282 2235 os,
311 2165 346 2220 et
374 2155 407 2219 in
428 2153 572 2219 eiusdem
600 2154 749 2219 carminis
778 2176 873 2219 uersu
896 2153 1033 2240 septimo
1055 2150 1084 2215 L
1104 2151 1278 2238 defesm:

229 2270 264 2335 D
286 2272 429 2335 merentis
449 2270 481 2335 R
495 2272 639 2335 rudentis.
672 2269 813 2357 denique
828 2269 1012 2356 exemplum
1033 2269 1129 2335 ualde
1149 2270 1277 2355 insigne

231 2406 321 2453 Lxuu
343 2386 405 2452 308
426 2388 739 2453 commemorandum
762 2398 819 2465 est,
841 2388 896 2453 ubi
918 2410 977 2474 pro
991 2399 1065 2467 tuos,
1085 2386 1175 2473 quod
1196 2384 1225 2451 L
1247 2396 1280 2451 et

231 2503 360 2569 codices
374 2502 518 2590 plerique
535 2526 643 2569 omnes
658 2505 825 2592 praebent,
837 2504 985 2571 Detanus
1000 2514 1033 2571 et
1044 2503 1280 2569 Riccardianus

229 2621 312 2686 miro
334 2643 491 2687 consensu
520 2623 698 2688 radicando
725 2622 855 2688 habent.
897 2632 1066 2710 praeterea
1086 2623 1280 2708 inutroque

229 2738 341 2804 codice
362 2737 523 2803 interdum
544 2761 656 2805 uersus
679 2739 782 2804 eidem
804 2738 913 2804 omissi
935 2748 1020 2820 sunt,
1045 2737 1146 2804 ueluti
1168 2759 1280 2802 uersus

230 2876 292 2921 ιιι
313 2853 571 2940 14510Hyman
586 2857 764 2941 Hymenaee
785 2856 818 2920 in
840 2866 978 2944 unoque
997 2858 1196 2941 interceptus
1219 2863 1279 2933 est,

126 3011 132 3032 -,
228 2973 308 3039 item
324 2991 413 3037 Lxun
428 2971 489 3037 258
502 2997 582 3058 paro
596 2997 659 3038 sese
671 2975 758 3039 tortis
771 2975 963 3058 repensatus
976 2973 1190 3060 incingebant:
1201 2969 1279 3058 quin

229 3109 360 3154 carmen
384 3089 745 3176 undeseptusgesimum
761 3090 873 3155 decem
894 3111 1046 3155 umanum
1066 3098 1170 3153 totum
1192 3097 1226 3152 et
1246 3089 1279 3152 in

229 3207 361 3272 Dstnno
384 3215 416 3270 et
436 3206 469 3270 in
491 3205 703 3272 Riccardiano
726 3207 879 3272 omissum
899 3215 959 3271 est.
1009 3205 1121 3293 itaque
1142 3204 1280 3270 duorum

229 3323 362 3389 illorum
383 3323 529 3389 codicum
553 3322 769 3388 testimonium
790 3345 850 3410 pro
871 3345 937 3388 uno
953 3332 1079 3387 tantum
1096 3321 1280 3387 babendum

229 3452 289 3508 est.
333 3441 373 3506 de
402 3440 521 3506 codicis
544 3450 651 3505 autem
671 3439 793 3506 Datsni
814 3441 1005 3506 auctoritate
1026 3461 1100 3504 cum
1121 3439 1185 3506 alio
1205 3439 1279 3504 loeo

231 3558 404 3646 diligenter
425 3557 502 3622 mihi
524 3557 749 3644 exponendum
771 3556 829 3638 sit,
858 3557 920 3621 boe
941 3557 1013 3621 loco
1035 3577 1134 3620 uuum
1155 3565 1280 3620 tautum

231 3674 390 3741 adnotare
412 3697 554 3760 possum,
573 3697 625 3738 me
645 3673 678 3738 in
697 3673 882 3738 uniuersum
894 3672 1017 3760 Heysio
1038 3671 1201 3753 adsentiri,
1223 3671 1279 3757 qui

230 3793 265 3858 in
288 3791 429 3857 editione
451 3816 483 3878 p.
505 3790 566 3857 297
596 3793 655 3856 uiri
678 3789 844 3856 cuiusdam
871 3789 958 3854 docti
977 3788 1280 3878 interpolationibus

229 3909 398 3974 Datanum
419 3907 545 3996 saepius
566 3918 753 3995 corruptum
775 3929 846 3972 esse
867 3907 1059 3972 adfirmauit.
1101 3904 1280 3972 uerendum

231 4025 333 4110 igitur
363 4047 405 4090 ne
435 4011 635 4110 inscriptioni
670 4045 801 4112 quoque
836 4023 999 4089 subditicii
1031 4025 1204 4110 quiequam
1237 4023 1279 4087 ab

231 4142 463 4229 interpolatore
493 4141 634 4226 quodam
665 4140 863 4207 inculcatum
895 4142 958 4217 sit,
989 4149 1027 4205 ut
1052 4149 1128 4226 pote
1155 4159 1280 4226 quaes
