3342 5200
910 1893 954 1976 X

494 2096 565 2160 Iam
602 2095 643 2160 de
680 2095 875 2160 carminibus
909 2095 954 2159 eis
983 2117 1067 2182 quac
1097 2092 1243 2161 Catullus
1269 2094 1309 2160 ad
1333 2094 1459 2160 Veran-

413 2214 500 2278 nium
521 2222 553 2278 et
566 2211 737 2280 Fabullum
758 2213 902 2278 hemines
920 2213 1013 2277 nobis
1028 2211 1156 2300 quidem
1171 2210 1300 2276 aliunde
1313 2211 1458 2299 ignotos,

411 2341 525 2417 poetae
540 2340 647 2395 autem
661 2329 869 2395 amicissimus
885 2330 1014 2416 scripsit
1028 2328 1193 2416 disputare
1210 2329 1324 2416 placet.
1357 2329 1457 2416 scrip

411 2447 452 2512 sit
472 2458 568 2535 poeta
589 2447 630 2512 ad
647 2446 848 2513 Verennium
873 2471 1003 2513 carmen
1023 2454 1086 2512 viris
1115 2447 1255 2527 Verum,
1277 2447 1419 2512 omnebus
1441 2471 1458 2511 e

411 2570 480 2630 meu
500 2566 624 2641 amicis,
653 2564 692 2631 ad
714 2563 884 2631 Fabullum
907 2586 1037 2631 carmen
1058 2587 1113 2630 xrn
1137 2564 1267 2630 Cenabis
1296 2565 1384 2648 bene,
1412 2566 1462 2631 ms'

410 2682 558 2760 Fabulle,
580 2683 669 2767 apud
693 2706 755 2762 me,
779 2682 820 2748 ad
849 2693 1020 2771 utrumqne
1042 2682 1180 2748 amicum
1201 2707 1329 2749 carmen
1351 2706 1456 2748 xxvrn

409 2802 539 2866 Pisonis
555 2802 690 2878 cambes,
718 2803 822 2865 colors
844 2805 955 2883 meae,
975 2801 1014 2866 de
1035 2810 1170 2888 utroque
1193 2802 1295 2866 amico
1317 2822 1456 2865 xxxxvu

409 2920 506 2982 Porci
524 2930 552 2981 et
574 2916 750 2998 Socration,
780 2917 860 2982 deae
881 2919 1033 2983 sinistrae.
1076 2927 1242 3005 praeterea
1269 2940 1383 2983 uersus
1409 2923 1456 2983 xr'r

411 3034 450 3099 15
472 3044 504 3099 et
524 3057 593 3099 xxv
616 3040 634 3098 7
656 3035 842 3100 conferendi
864 3044 947 3100 sunt

491 3148 573 3216 (lum
592 3174 721 3217 cannen
736 3174 780 3216 xu
796 3151 978 3216 Marrucine
993 3152 1093 3233 Acciri,
1109 3174 1202 3215 manu
1216 3152 1340 3215 sinistra
1356 3160 1457 3236 poeta

408 3265 578 3349 scriberet,
605 3266 761 3334 Fabullus
783 3277 815 3333 et
838 3268 1021 3335 Verannius
1049 3268 1082 3331 in
1103 3268 1262 3353 Hispania
1290 3266 1455 3350 aixerunt,

407 3385 493 3449 unde
514 3383 641 3449 Catullo
664 3386 767 3449 amico
790 3387 952 3450 communi
977 3384 1107 3450 sudaria
1129 3383 1271 3451 Saetaba
1292 3384 1377 3450 dono
1398 3384 1456 3449 mi-

408 3511 527 3566 serunt.
571 3524 654 3588 quae
675 3503 736 3569 sibi
757 3503 791 3567 in
812 3501 884 3568 ioco
906 3511 1003 3588 atque
1023 3502 1100 3566 uino
1119 3502 1267 3567 Asinium
1289 3501 1456 3588 quendam

408 3617 597 3704 surripuisse
625 3629 737 3707 poete,
769 3629 805 3684 nt
826 3642 955 3685 carmen
976 3643 1020 3683 xn
1047 3628 1200 3700 testatur,
1228 3619 1455 3684 molestissime

406 3733 479 3798 tulit
506 3736 562 3819 (cf.
584 3735 678 3801 etiam
700 3760 768 3800 xxv
790 3737 832 3818 7).
876 3737 996 3801 amicos
1025 3758 1065 3801 ex
1094 3736 1253 3822 Hispania
1280 3735 1455 3802 redeuntes

407 3849 531 3914 duobus
552 3852 745 3917 carminibus
760 3851 957 3917 suauissimis
970 3863 1066 3939 poeta
1081 3852 1232 3918 salutauit
1251 3876 1258 3915 :
1281 3862 1313 3917 et
1328 3854 1455 3920 Veran-

380 3992 381 3995 ยน
405 3966 492 4030 nium
516 3966 644 4054 quidem
666 3970 806 4034 carmine
826 3992 907 4053 vrrrr,
937 3969 1023 4058 quod
1051 3968 1164 4053 amieo,
1195 3992 1291 4058 quem
1313 3970 1346 4035 in
1369 3972 1454 4037 urbe

405 4083 510 4167 patria
525 4083 693 4150 aduenisse
715 4098 913 4173 conpererat,
936 4087 1064 4152 obuiam
1087 4087 1193 4152 Roma
1213 4087 1300 4153 misit
1322 4097 1359 4154 ut
1388 4087 1453 4154 lae

406 4198 508 4263 titiam
529 4222 619 4264 suam
642 4200 680 4267 de
702 4202 769 4267 eius
791 4202 898 4268 reditu
919 4205 1087 4291 gestientis
1108 4206 1258 4293 aperiret.
