3342 5200
307 674 357 723 206
507 671 584 722 vnn
617 672 665 721 Dll
683 670 841 722 CAESARE
858 670 904 720 ΕΤ
921 668 1154 722 damnamus

306 837 419 902 simam
433 860 498 903 non
513 860 592 918 esse,
615 838 763 925 quoniam
785 846 900 925 poetae
914 834 1112 924 potissimum
1127 831 1306 900 Caesarem
1321 843 1352 899 et

305 954 494 1041 Pompeium
515 955 716 1021 aduersarios
737 954 911 1021 adfinitatis
932 953 1114 1019 nominibus
1135 953 1178 1017 de
1199 952 1352 1040 tempori-

304 1073 364 1150 bus
381 1073 496 1159 quibus
511 1072 580 1138 iure
595 1072 741 1137 adhiberi
756 1095 794 1137 ea
806 1073 870 1137 iam
884 1071 1046 1137 desierant
1061 1071 1223 1135 acuminis
1237 1092 1351 1134 caussa

304 1189 430 1275 saepius
453 1189 707 1276 adpellauerunt.
739 1189 778 1253 of.
800 1188 938 1273 Vergilii
959 1186 1121 1253 Aeneidos
1142 1210 1173 1251 vr
1196 1187 1261 1252 829

401 1366 459 1429 lea
478 1379 622 1453 quantum
644 1367 721 1431 inter
742 1391 772 1430 se
794 1366 911 1446 bellam,
932 1370 959 1429 si
978 1365 1096 1429 lomina
1115 1364 1201 1427 attae

402 1484 569 1571 altiperiat,
591 1497 724 1570 quantos
744 1488 824 1547 acies
845 1496 1035 1567 strepensque
1055 1482 1170 1544 debunt

403 1603 565 1687 apperitus
587 1625 670 1667 socer
691 1602 815 1687 Alpinis
836 1613 924 1687 atque
944 1622 1017 1663 arce
1037 1600 1181 1662 Monoeci

402 1716 587 1782 descendens
606 1741 702 1807 ponar
722 1719 861 1782 aduncis
881 1718 1048 1781 instructus
1070 1713 1155 1778 Eois.

304 1889 359 1953 sed
381 1913 512 1976 prorsus
533 1894 611 1958 nihil
640 1905 690 1960 est
716 1916 850 1960 caussae
878 1917 935 1958 cur
956 1891 1118 1960 Catullum
1140 1912 1160 1954 a
1180 1888 1348 1955 communi

302 2016 334 2071 et
356 2008 509 2073 adcurate
539 2009 666 2075 dicendi
688 2033 746 2076 usu
770 2009 939 2075 recessisse
963 2018 1121 2096 putemus.
1158 2006 1348 2093 quidquod

301 2122 446 2189 Catullus
463 2148 537 2190 cum
552 2126 654 2191 Iuliae
675 2136 731 2192 aut
750 2148 814 2192 non
837 2136 893 2192 aut
913 2126 1110 2211 aliquantulo
1124 2122 1285 2211 temporis
1300 2145 1348 2189 su-

299 2250 422 2328 perstes
436 2253 529 2327 esset,
544 2244 600 2308 uix
614 2243 676 2308 nisi
693 2265 788 2309 sensu
797 2244 927 2331 proprio
935 2243 1085 2310 Caesaris
1096 2251 1128 2307 et
1139 2240 1281 2329 Pompei
1295 2240 1348 2305 ad·

299 2357 454 2424 finitatem
469 2381 720 2426 commemorare
735 2361 848 2449 potuit
886 2361 913 2425 si
926 2359 972 2425 ita
992 2369 1118 2447 tempus
1138 2356 1347 2424 definiuimus

299 2485 372 2560 post
404 2475 492 2562 quod
525 2476 670 2543 Catullus
703 2501 831 2543 carmen
859 2478 1148 2563 undetrigesimum
1179 2475 1347 2562 scripsisse

299 2611 361 2656 non
392 2602 518 2680 potest,
549 2594 651 2659 multo
682 2593 806 2660 facilius
837 2604 965 2682 tempus
992 2604 1067 2660 ante
1097 2593 1186 2681 quod
1214 2615 1345 2659 cannen

298 2709 498 2796 conpositum
526 2732 595 2775 esse
621 2711 734 2799 nequit
759 2711 893 2777 indicari
915 2711 997 2777 licet
1040 2732 1182 2799 namque
1210 2733 1287 2776 cum
1312 2712 1345 2775 in

298 2846 394 2889 uersu
417 2826 606 2894 duodecimo
628 2838 664 2894 ut
681 2851 733 2894 res
754 2830 902 2894 confecta
923 2828 1163 2916 expeditionum
1181 2827 1343 2894 Britanni·

296 2962 405 3005 carum
421 2941 570 3008 Caesaris
588 2944 774 3010 alterautra
789 2955 1066 3028 commemoretur,
1087 2966 1185 3031 quam
1199 2946 1342 3032 priorem

296 3056 397 3121 fuisse
419 3080 456 3123 eo
478 3063 644 3146 probatur,
666 3061 753 3149 quod
768 3072 844 3149 post
857 3062 990 3128 alteram
1004 3060 1245 3147 expeditionem
1262 3060 1341 3128 Cae

296 3193 349 3238 sar
374 3196 439 3238 non
468 3174 604 3262 amplius
628 3177 761 3264 Pompei
786 3200 877 3244 socer
905 3180 966 3243 fuit
988 3167 1045 3262 (ex
1066 3179 1241 3244 Britannia
1257 3179 1341 3244 enirn

294 3286 328 3352 in
349 3289 488 3356 Galliam
515 3293 631 3358 iterum
658 3294 799 3360 redituro
821 3296 973 3361 extremis
995 3296 1114 3361 mensis
1136 3293 1340 3383 Septembris

295 3405 407 3471 diebus
428 3409 503 3473 anni
523 3409 640 3487 toolot
660 3411 790 3476 nuntius
812 3413 924 3478 mortis
943 3413 1048 3479 Iuliae
1067 3412 1197 3478 adlatus
1219 3426 1280 3498 est,
1301 3416 1340 3480 cf.

295 3519 380 3586 Plut.
410 3523 502 3590 Caes.
531 3526 572 3590 23
600 3524 744 3594 Senecae
773 3529 999 3596 consolationis
1030 3530 1072 3594 ad
1092 3530 1253 3597 Marciam
1277 3534 1340 3618 14),

293 3658 358 3702 non
379 3649 453 3705 ante
474 3653 662 3708 autumnum
683 3644 757 3709 anni
777 3646 896 3723 699f55
913 3669 1042 3712 carmen
1063 3668 1174 3713 xxvuu
1192 3647 1340 3715 Catullus

295 3754 459 3839 scripsisse
495 3769 613 3844 potest,
660 3762 829 3848 nauigauit
860 3766 944 3830 enim
980 3765 1118 3852 primum
1150 3765 1277 3832 Caesar
1307 3769 1339 3832 iu

295 3867 494 3936 Britanniam
518 3869 647 3962 ‘exigua
673 3889 766 3965 parte
794 3883 925 3947 aestatis
953 3879 1103 3970 reliqua',
1136 3893 1173 3950 ut
1201 3885 1272 3972 ipse
1300 3886 1339 3949 de

295 3981 380 4046 bello
402 3983 527 4054 Gallico
554 4014 593 4055 un
618 3995 659 4059 20
687 3997 846 4080 narrauit,
876 4010 908 4065 et
928 3994 1120 4087 ‘propinqua
1148 4002 1202 4067 die
1231 4002 1338 4092 aequi·

295 4093 401 4162 noctii'
422 4101 476 4181 (cf.
499 4128 539 4170 uu
561 4109 615 4192 36)
636 4111 723 4177 illinc
751 4115 855 4180 rediit.
908 4139 1048 4182 annuum
1075 4118 1178 4204 igitur
1199 4122 1336 4207 spatium

295 4231 361 4296 quo
402 4235 528 4285 carmen
569 4247 680 4291 xxvuu
719 4224 892 4318 scriptum¹
917 4255 987 4298 esse
1026 4245 1135 4322 potest
1171 4263 1191 4306 a
1227 4260 1335 4307 mense
