<?xml version="1.0" encoding="UTF-8"?>
<!DOCTYPE html PUBLIC "-//W3C//DTD XHTML 1.0 Transitional//EN"
    "http://www.w3.org/TR/xhtml1/DTD/xhtml1-transitional.dtd">
<html xmlns="http://www.w3.org/1999/xhtml" xml:lang="en" lang="en">
 <head>
  <title>
</title>
<meta http-equiv="Content-Type" content="text/html;charset=utf-8" />
  <meta name='ocr-system' content='tesseract 3.04.00' />
  <meta name='ocr-capabilities' content='ocr_page ocr_carea ocr_par ocr_line ocrx_word'/>
</head>
<body>
  <div class='ocr_page' id='page_1' title='image "./gvalericatvllil01catugoog_0141.png"; bbox 0 0 3342 5200; ppageno 0'>
   <div class='ocr_carea' id='block_1_1' title="bbox 449 691 1225 750">
    <p class='ocr_par' dir='ltr' id='par_1_1' title="bbox 449 691 1225 750">
     <span class='ocr_line' id='line_1_1' title="bbox 449 691 1225 750; baseline 0 -4"><span class='ocrx_word' id='word_1_1' title='bbox 449 694 487 746; x_wconf 84' lang='lat' dir='ltr'><strong><em>Vl</em></strong></span> <span class='ocrx_word' id='word_1_2' title='bbox 520 691 568 746; x_wconf 74' lang='lat' dir='ltr'><strong><em>Dr.</em></strong></span> <span class='ocrx_word' id='word_1_3' title='bbox 585 693 764 747; x_wconf 71' lang='lat' dir='ltr'><strong><em>monmvs</em></strong></span> <span class='ocrx_word' id='word_1_4' title='bbox 781 693 933 748; x_wconf 71' lang='lat' dir='ltr'><strong><em>centnm</em></strong></span> <span class='ocrx_word' id='word_1_5' title='bbox 1176 699 1225 750; x_wconf 75' lang='lat' dir='ltr'><strong><em>ur</em></strong></span> 
     </span>
    </p>
   </div>
   <div class='ocr_carea' id='block_1_2' title="bbox 79 859 1227 4424">
    <p class='ocr_par' dir='ltr' id='par_1_2' title="bbox 79 859 1227 4424">
     <span class='ocr_line' id='line_1_2' title="bbox 178 859 1225 951; baseline 0.002 -25"><span class='ocrx_word' id='word_1_6' title='bbox 178 860 325 944; x_wconf 86' lang='lat' dir='ltr'><strong><em>uidetur)</em></strong></span> <span class='ocrx_word' id='word_1_7' title='bbox 345 881 404 947; x_wconf 86' lang='lat' dir='ltr'><strong><em>per</em></strong></span> <span class='ocrx_word' id='word_1_8' title='bbox 429 859 565 926; x_wconf 89' lang='lat' dir='ltr'><strong><em>ironiam</em></strong></span> <span class='ocrx_word' id='word_1_9' title='bbox 579 881 673 926; x_wconf 90' lang='lat' dir='ltr'><strong><em>usum</em></strong></span> <span class='ocrx_word' id='word_1_10' title='bbox 692 881 772 926; x_wconf 88' lang='lat' dir='ltr'><strong><em>esse.</em></strong></span> <span class='ocrx_word' id='word_1_11' title='bbox 813 861 934 951; x_wconf 83' lang='lat' dir='ltr'><strong><em>illorum</em></strong></span> <span class='ocrx_word' id='word_1_12' title='bbox 948 865 1038 945; x_wconf 70' lang='lat' dir='ltr'><strong><em>edus,</em></strong></span> <span class='ocrx_word' id='word_1_13' title='bbox 1059 859 1225 928; x_wconf 82' lang='lat' dir='ltr'><strong><em>ntNaekii</em></strong></span> 
     </span>
     <span class='ocr_line' id='line_1_3' title="bbox 177 977 1225 1067; baseline 0.004 -25"><span class='ocrx_word' id='word_1_14' title='bbox 177 977 281 1066; x_wconf 85' lang='lat' dir='ltr'><strong><em>ipsius</em></strong></span> <span class='ocrx_word' id='word_1_15' title='bbox 303 977 405 1044; x_wconf 88' lang='lat' dir='ltr'><strong><em>uerba</em></strong></span> <span class='ocrx_word' id='word_1_16' title='bbox 427 979 472 1065; x_wconf 87' lang='lat' dir='ltr'><strong><em>(p.</em></strong></span> <span class='ocrx_word' id='word_1_17' title='bbox 493 980 552 1060; x_wconf 86' lang='lat' dir='ltr'><strong><em>nn)</em></strong></span> <span class='ocrx_word' id='word_1_18' title='bbox 574 977 755 1065; x_wconf 86' lang='lat' dir='ltr'><strong><em>adponam,</em></strong></span> <span class='ocrx_word' id='word_1_19' title='bbox 786 977 940 1044; x_wconf 68' lang='lat' dir='ltr'><strong><em>hominem</em></strong></span> <span class='ocrx_word' id='word_1_20' title='bbox 963 980 1225 1067; x_wconf 70' lang='lat' dir='ltr'><strong><em>eqeats&#39;ssimornm</em></strong></span> 
     </span>
     <span class='ocr_line' id='line_1_4' title="bbox 176 1093 1225 1182; baseline 0.002 -22"><span class='ocrx_word' id='word_1_21' title='bbox 176 1093 399 1161; x_wconf 79' lang='lat' dir='ltr'><strong><em>cousuetudine</em></strong></span> <span class='ocrx_word' id='word_1_22' title='bbox 421 1094 560 1162; x_wconf 86' lang='lat' dir='ltr'><strong><em>Catullus</em></strong></span> <span class='ocrx_word' id='word_1_23' title='bbox 579 1117 638 1180; x_wconf 87' lang='lat' dir='ltr'><strong><em>per</em></strong></span> <span class='ocrx_word' id='word_1_24' title='bbox 658 1095 783 1182; x_wconf 63' lang='lat' dir='ltr'><strong><em>almund</em></strong></span> <span class='ocrx_word' id='word_1_25' title='bbox 801 1107 918 1181; x_wconf 80' lang='lat' dir='ltr'><strong><em>tempas</em></strong></span> <span class='ocrx_word' id='word_1_26' title='bbox 937 1117 1014 1162; x_wconf 83' lang='lat' dir='ltr'><strong><em>aeas</em></strong></span> <span class='ocrx_word' id='word_1_27' title='bbox 1035 1109 1089 1178; x_wconf 81' lang='lat' dir='ltr'><strong><em>est,</em></strong></span> <span class='ocrx_word' id='word_1_28' title='bbox 1109 1098 1165 1162; x_wconf 79' lang='lat' dir='ltr'><strong><em>red</em></strong></span> <span class='ocrx_word' id='word_1_29' title='bbox 1181 1102 1225 1162; x_wconf 79' lang='lat' dir='ltr'><strong><em>ita</em></strong></span> 
     </span>
     <span class='ocr_line' id='line_1_5' title="bbox 176 1212 1224 1301; baseline 0.002 -23"><span class='ocrx_word' id='word_1_30' title='bbox 176 1225 210 1278; x_wconf 83' lang='lat' dir='ltr'><strong><em>at</em></strong></span> <span class='ocrx_word' id='word_1_31' title='bbox 225 1212 329 1298; x_wconf 81' lang='lat' dir='ltr'><strong><em>paoni</em></strong></span> <span class='ocrx_word' id='word_1_32' title='bbox 346 1234 467 1297; x_wconf 82' lang='lat' dir='ltr'><strong><em>semper</em></strong></span> <span class='ocrx_word' id='word_1_33' title='bbox 488 1235 539 1277; x_wconf 84' lang='lat' dir='ltr'><strong><em>coe</em></strong></span> <span class='ocrx_word' id='word_1_34' title='bbox 552 1213 759 1278; x_wconf 68' lang='lat' dir='ltr'><strong><em>aestimaverit</em></strong></span> <span class='ocrx_word' id='word_1_35' title='bbox 772 1224 800 1276; x_wconf 84' lang='lat' dir='ltr'><strong><em>et</em></strong></span> <span class='ocrx_word' id='word_1_36' title='bbox 812 1217 990 1278; x_wconf 71' lang='lat' dir='ltr'><strong><em>mammarii</em></strong></span> <span class='ocrx_word' id='word_1_37' title='bbox 1000 1217 1224 1301; x_wconf 71' lang='lat' dir='ltr'><strong><em>asyleqeatius:</em></strong></span> 
     </span>
     <span class='ocr_line' id='line_1_6' title="bbox 175 1330 1223 1416; baseline 0.003 -21"><span class='ocrx_word' id='word_1_38' title='bbox 175 1341 209 1395; x_wconf 86' lang='lat' dir='ltr'><strong><em>at</em></strong></span> <span class='ocrx_word' id='word_1_39' title='bbox 228 1341 292 1394; x_wconf 76' lang='lat' dir='ltr'><strong><em>tum</em></strong></span> <span class='ocrx_word' id='word_1_40' title='bbox 315 1352 385 1393; x_wconf 85' lang='lat' dir='ltr'><strong><em>cam</em></strong></span> <span class='ocrx_word' id='word_1_41' title='bbox 406 1330 627 1396; x_wconf 70' lang='lat' dir='ltr'><strong><em>commisissent</em></strong></span> <span class='ocrx_word' id='word_1_42' title='bbox 646 1331 682 1396; x_wconf 82' lang='lat' dir='ltr'><strong><em>ob</em></strong></span> <span class='ocrx_word' id='word_1_43' title='bbox 703 1331 785 1416; x_wconf 82' lang='lat' dir='ltr'><strong><em>qnod</em></strong></span> <span class='ocrx_word' id='word_1_44' title='bbox 809 1330 1009 1415; x_wconf 68' lang='lat' dir='ltr'><strong><em>amaneus,</em></strong></span> <span class='ocrx_word' id='word_1_45' title='bbox 1038 1355 1090 1397; x_wconf 83' lang='lat' dir='ltr'><strong><em>eos</em></strong></span> <span class='ocrx_word' id='word_1_46' title='bbox 1110 1335 1223 1398; x_wconf 76' lang='lat' dir='ltr'><strong><em>acerbi</em></strong></span> 
     </span>
     <span class='ocr_line' id='line_1_7' title="bbox 175 1445 1223 1532; baseline 0.004 -20"><span class='ocrx_word' id='word_1_47' title='bbox 175 1457 234 1512; x_wconf 80' lang='lat' dir='ltr'><strong><em>tate</em></strong></span> <span class='ocrx_word' id='word_1_48' title='bbox 258 1450 424 1512; x_wconf 83' lang='lat' dir='ltr'><strong><em>insectatus</em></strong></span> <span class='ocrx_word' id='word_1_49' title='bbox 452 1458 495 1510; x_wconf 82' lang='lat' dir='ltr'><strong><em>est</em></strong></span> <span class='ocrx_word' id='word_1_50' title='bbox 524 1468 560 1510; x_wconf 89' lang='lat' dir='ltr'><strong><em>ea</em></strong></span> <span class='ocrx_word' id='word_1_51' title='bbox 587 1467 665 1532; x_wconf 79' lang='lat' dir='ltr'><strong><em>qnae</em></strong></span> <span class='ocrx_word' id='word_1_52' title='bbox 692 1445 825 1511; x_wconf 81' lang='lat' dir='ltr'><strong><em>animum</em></strong></span> <span class='ocrx_word' id='word_1_53' title='bbox 852 1457 980 1512; x_wconf 74' lang='lat' dir='ltr'><strong><em>meacm</em></strong></span> <span class='ocrx_word' id='word_1_54' title='bbox 1004 1452 1064 1512; x_wconf 78' lang='lat' dir='ltr'><strong><em>ram</em></strong></span> <span class='ocrx_word' id='word_1_55' title='bbox 1084 1462 1153 1516; x_wconf 77' lang='lat' dir='ltr'><strong><em>mute</em></strong></span> <span class='ocrx_word' id='word_1_56' title='bbox 1172 1473 1223 1515; x_wconf 83' lang='lat' dir='ltr'><strong><em>ao·</em></strong></span> 
     </span>
     <span class='ocr_line' id='line_1_8' title="bbox 176 1561 1225 1650; baseline 0.005 -22"><span class='ocrx_word' id='word_1_57' title='bbox 176 1576 297 1650; x_wconf 83' lang='lat' dir='ltr'><strong><em>ceptam</em></strong></span> <span class='ocrx_word' id='word_1_58' title='bbox 312 1564 465 1628; x_wconf 80' lang='lat' dir='ltr'><strong><em>im&#39;smiam</em></strong></span> <span class='ocrx_word' id='word_1_59' title='bbox 478 1561 634 1649; x_wconf 52' lang='lat' dir='ltr'><strong><em>fracidam</em></strong></span> <span class='ocrx_word' id='word_1_60' title='bbox 654 1575 683 1628; x_wconf 84' lang='lat' dir='ltr'><strong><em>et</em></strong></span> <span class='ocrx_word' id='word_1_61' title='bbox 701 1563 784 1630; x_wconf 61' lang='lat' dir='ltr'><strong><em>aa&amp;</em></strong></span> <span class='ocrx_word' id='word_1_62' title='bbox 798 1585 891 1629; x_wconf 81' lang='lat' dir='ltr'><strong><em>uerae</em></strong></span> <span class='ocrx_word' id='word_1_63' title='bbox 903 1565 1121 1632; x_wconf 75' lang='lat' dir='ltr'><strong><em>beniuolentiae</em></strong></span> <span class='ocrx_word' id='word_1_64' title='bbox 1134 1590 1225 1633; x_wconf 84' lang='lat' dir='ltr'><strong><em>aman</em></strong></span> 
     </span>
     <span class='ocr_line' id='line_1_9' title="bbox 175 1681 1225 1771; baseline 0.004 -25"><span class='ocrx_word' id='word_1_65' title='bbox 175 1693 365 1746; x_wconf 79' lang='lat' dir='ltr'><strong><em>commanem.</em></strong></span> <span class='ocrx_word' id='word_1_66' title='bbox 408 1703 476 1746; x_wconf 84' lang='lat' dir='ltr'><strong><em>cam</em></strong></span> <span class='ocrx_word' id='word_1_67' title='bbox 489 1681 540 1746; x_wconf 74' lang='lat' dir='ltr'><strong><em>liis</em></strong></span> <span class='ocrx_word' id='word_1_68' title='bbox 553 1685 657 1766; x_wconf 78' lang='lat' dir='ltr'><strong><em>apeme</em></strong></span> <span class='ocrx_word' id='word_1_69' title='bbox 677 1691 812 1746; x_wconf 77' lang='lat' dir='ltr'><strong><em>costam</em></strong></span> <span class='ocrx_word' id='word_1_70' title='bbox 829 1703 955 1748; x_wconf 73' lang='lat' dir='ltr'><strong><em>wrmen</em></strong></span> <span class='ocrx_word' id='word_1_71' title='bbox 979 1685 1145 1769; x_wconf 60' lang='lat' dir='ltr'><strong><em>compium,</em></strong></span> <span class='ocrx_word' id='word_1_72' title='bbox 1165 1707 1225 1771; x_wconf 79' lang='lat' dir='ltr'><strong><em>qne</em></strong></span> 
     </span>
     <span class='ocr_line' id='line_1_10' title="bbox 174 1797 1227 1886; baseline 0.005 -25"><span class='ocrx_word' id='word_1_73' title='bbox 174 1799 257 1883; x_wconf 83' lang='lat' dir='ltr'><strong><em>qnod</em></strong></span> <span class='ocrx_word' id='word_1_74' title='bbox 281 1797 396 1883; x_wconf 58' lang='lat' dir='ltr'><strong><em>amane</em></strong></span> <span class='ocrx_word' id='word_1_75' title='bbox 430 1808 584 1862; x_wconf 80' lang='lat' dir='ltr'><strong><em>terraram</em></strong></span> <span class='ocrx_word' id='word_1_76' title='bbox 616 1797 746 1864; x_wconf 82' lang='lat' dir='ltr'><strong><em>Furiam</em></strong></span> <span class='ocrx_word' id='word_1_77' title='bbox 773 1820 807 1865; x_wconf 84' lang='lat' dir='ltr'><strong><em>ee</em></strong></span> <span class='ocrx_word' id='word_1_78' title='bbox 835 1811 924 1886; x_wconf 78' lang='lat' dir='ltr'><strong><em>atque</em></strong></span> <span class='ocrx_word' id='word_1_79' title='bbox 957 1800 1121 1866; x_wconf 66' lang='lat' dir='ltr'><strong><em>Ameana</em></strong></span> <span class='ocrx_word' id='word_1_80' title='bbox 1139 1803 1227 1866; x_wconf 85' lang='lat' dir='ltr'><strong><em>dicit</em></strong></span> 
     </span>
     <span class='ocr_line' id='line_1_11' title="bbox 173 1908 1223 2000; baseline 0.004 -21"><span class='ocrx_word' id='word_1_81' title='bbox 173 1908 314 1979; x_wconf 75' lang='lat' dir='ltr'><strong><em>‘comites&#39;</em></strong></span> <span class='ocrx_word' id='word_1_82' title='bbox 334 1913 501 1980; x_wconf 74' lang='lat' dir='ltr'><strong><em>labdmnm</em></strong></span> <span class='ocrx_word' id='word_1_83' title='bbox 523 1935 588 1980; x_wconf 84' lang='lat' dir='ltr'><strong><em>sare</em></strong></span> <span class='ocrx_word' id='word_1_84' title='bbox 606 1927 711 2000; x_wconf 83' lang='lat' dir='ltr'><strong><em>poeta,</em></strong></span> <span class='ocrx_word' id='word_1_85' title='bbox 741 1937 804 1980; x_wconf 83' lang='lat' dir='ltr'><strong><em>aaa</em></strong></span> <span class='ocrx_word' id='word_1_86' title='bbox 832 1927 875 1980; x_wconf 82' lang='lat' dir='ltr'><strong><em>est</em></strong></span> <span class='ocrx_word' id='word_1_87' title='bbox 894 1916 1020 1980; x_wconf 82' lang='lat' dir='ltr'><strong><em>sincera</em></strong></span> <span class='ocrx_word' id='word_1_88' title='bbox 1037 1938 1132 1983; x_wconf 83' lang='lat' dir='ltr'><strong><em>aerae</em></strong></span> <span class='ocrx_word' id='word_1_89' title='bbox 1151 1921 1223 1982; x_wconf 72' lang='lat' dir='ltr'><strong><em>ami</em></strong></span> 
     </span>
     <span class='ocr_line' id='line_1_12' title="bbox 174 2029 1224 2122; baseline 0.001 -24"><span class='ocrx_word' id='word_1_90' title='bbox 174 2032 263 2098; x_wconf 82' lang='lat' dir='ltr'><strong><em>m‘tioe</em></strong></span> <span class='ocrx_word' id='word_1_91' title='bbox 277 2029 483 2113; x_wconf 76' lang='lat' dir='ltr'><strong><em>conlaudatio,</em></strong></span> <span class='ocrx_word' id='word_1_92' title='bbox 504 2031 563 2096; x_wconf 86' lang='lat' dir='ltr'><strong><em>sed</em></strong></span> <span class='ocrx_word' id='word_1_93' title='bbox 573 2055 633 2116; x_wconf 82' lang='lat' dir='ltr'><strong><em>per</em></strong></span> <span class='ocrx_word' id='word_1_94' title='bbox 651 2031 833 2118; x_wconf 76' lang='lat' dir='ltr'><strong><em>hyperbolen</em></strong></span> <span class='ocrx_word' id='word_1_95' title='bbox 855 2036 989 2120; x_wconf 64' lang='lat' dir='ltr'><strong><em>amayae</em></strong></span> <span class='ocrx_word' id='word_1_96' title='bbox 1007 2045 1037 2098; x_wconf 88' lang='lat' dir='ltr'><strong><em>et</em></strong></span> <span class='ocrx_word' id='word_1_97' title='bbox 1047 2037 1224 2122; x_wconf 72' lang='lat' dir='ltr'><strong><em>pmotrmqs&#39;t</em></strong></span> 
     </span>
     <span class='ocr_line' id='line_1_13' title="bbox 174 2147 1223 2236; baseline 0.002 -22"><span class='ocrx_word' id='word_1_98' title='bbox 174 2148 370 2235; x_wconf 77' lang='lat' dir='ltr'><strong><em>inportunam</em></strong></span> <span class='ocrx_word' id='word_1_99' title='bbox 392 2148 523 2214; x_wconf 81' lang='lat' dir='ltr'><strong><em>istorum</em></strong></span> <span class='ocrx_word' id='word_1_100' title='bbox 544 2148 698 2214; x_wconf 84' lang='lat' dir='ltr'><strong><em>lominum</em></strong></span> <span class='ocrx_word' id='word_1_101' title='bbox 717 2147 953 2214; x_wconf 69' lang='lat' dir='ltr'><strong><em>adsiduitatem.</em></strong></span> <span class='ocrx_word' id='word_1_102' title='bbox 993 2161 1082 2236; x_wconf 79' lang='lat' dir='ltr'><strong><em>atque</em></strong></span> <span class='ocrx_word' id='word_1_103' title='bbox 1110 2149 1223 2216; x_wconf 73' lang='lat' dir='ltr'><strong><em>talsltm</em></strong></span> 
     </span>
     <span class='ocr_line' id='line_1_14' title="bbox 174 2259 1224 2349; baseline 0.002 -19"><span class='ocrx_word' id='word_1_104' title='bbox 174 2265 350 2331; x_wconf 61' lang='lat' dir='ltr'><strong><em>nemetim</em></strong></span> <span class='ocrx_word' id='word_1_105' title='bbox 377 2267 526 2330; x_wconf 82' lang='lat' dir='ltr'><strong><em>mandore</em></strong></span> <span class='ocrx_word' id='word_1_106' title='bbox 556 2264 642 2330; x_wconf 68' lang='lat' dir='ltr'><strong><em>maed</em></strong></span> <span class='ocrx_word' id='word_1_107' title='bbox 670 2267 714 2330; x_wconf 86' lang='lat' dir='ltr'><strong><em>ad</em></strong></span> <span class='ocrx_word' id='word_1_108' title='bbox 740 2265 878 2349; x_wconf 81' lang='lat' dir='ltr'><strong><em>puellam</em></strong></span> <span class='ocrx_word' id='word_1_109' title='bbox 910 2259 986 2330; x_wconf 78' lang='lat' dir='ltr'><strong><em>‘aem</em></strong></span> <span class='ocrx_word' id='word_1_110' title='bbox 1017 2267 1085 2332; x_wconf 84' lang='lat' dir='ltr'><strong><em>suis</em></strong></span> <span class='ocrx_word' id='word_1_111' title='bbox 1119 2267 1224 2332; x_wconf 84' lang='lat' dir='ltr'><strong><em>ualeat</em></strong></span> 
     </span>
     <span class='ocr_line' id='line_1_15' title="bbox 174 2377 1222 2470; baseline 0.001 -22"><span class='ocrx_word' id='word_1_112' title='bbox 174 2388 315 2470; x_wconf 73' lang='lat' dir='ltr'><strong><em>semmqsse</em></strong></span> <span class='ocrx_word' id='word_1_113' title='bbox 327 2377 467 2448; x_wconf 79' lang='lat' dir='ltr'><strong><em>mocclis’</em></strong></span> <span class='ocrx_word' id='word_1_114' title='bbox 481 2382 613 2448; x_wconf 84' lang='lat' dir='ltr'><strong><em>decebat.</em></strong></span> <span class='ocrx_word' id='word_1_115' title='bbox 654 2405 715 2448; x_wconf 85' lang='lat' dir='ltr'><strong><em>aaa</em></strong></span> <span class='ocrx_word' id='word_1_116' title='bbox 735 2385 861 2448; x_wconf 83' lang='lat' dir='ltr'><strong><em>solemus</em></strong></span> <span class='ocrx_word' id='word_1_117' title='bbox 881 2386 958 2447; x_wconf 69' lang='lat' dir='ltr'><strong><em>adm</em></strong></span> <span class='ocrx_word' id='word_1_118' title='bbox 974 2392 1037 2447; x_wconf 85' lang='lat' dir='ltr'><strong><em>tam</em></strong></span> <span class='ocrx_word' id='word_1_119' title='bbox 1056 2383 1222 2449; x_wconf 67' lang='lat' dir='ltr'><strong><em>inhumana</em></strong></span> 
     </span>
     <span class='ocr_line' id='line_1_16' title="bbox 174 2499 1221 2588; baseline 0 -22"><span class='ocrx_word' id='word_1_120' title='bbox 174 2501 329 2566; x_wconf 81' lang='lat' dir='ltr'><strong><em>mundare</em></strong></span> <span class='ocrx_word' id='word_1_121' title='bbox 349 2505 392 2565; x_wconf 82' lang='lat' dir='ltr'><strong><em>eis</em></strong></span> <span class='ocrx_word' id='word_1_122' title='bbox 412 2523 484 2588; x_wconf 80' lang='lat' dir='ltr'><strong><em>qaas</em></strong></span> <span class='ocrx_word' id='word_1_123' title='bbox 504 2501 614 2586; x_wconf 76' lang='lat' dir='ltr'><strong><em>maqni</em></strong></span> <span class='ocrx_word' id='word_1_124' title='bbox 631 2499 775 2579; x_wconf 76' lang='lat' dir='ltr'><strong><em>facimus.</em></strong></span> <span class='ocrx_word' id='word_1_125' title='bbox 818 2499 899 2564; x_wconf 88' lang='lat' dir='ltr'><strong><em>haee</em></strong></span> <span class='ocrx_word' id='word_1_126' title='bbox 921 2499 1078 2566; x_wconf 85' lang='lat' dir='ltr'><strong><em>Naekius.</em></strong></span> <span class='ocrx_word' id='word_1_127' title='bbox 1114 2521 1221 2588; x_wconf 89' lang='lat' dir='ltr'><strong><em>neque</em></strong></span> 
     </span>
     <span class='ocr_line' id='line_1_17' title="bbox 174 2615 1219 2706; baseline -0.002 -21"><span class='ocrx_word' id='word_1_128' title='bbox 174 2640 232 2685; x_wconf 89' lang='lat' dir='ltr'><strong><em>nos</em></strong></span> <span class='ocrx_word' id='word_1_129' title='bbox 255 2620 338 2685; x_wconf 80' lang='lat' dir='ltr'><strong><em>latet</em></strong></span> <span class='ocrx_word' id='word_1_130' title='bbox 358 2618 510 2706; x_wconf 80' lang='lat' dir='ltr'><strong><em>quidnam</em></strong></span> <span class='ocrx_word' id='word_1_131' title='bbox 531 2617 675 2683; x_wconf 84' lang='lat' dir='ltr'><strong><em>hemines</em></strong></span> <span class='ocrx_word' id='word_1_132' title='bbox 703 2617 749 2683; x_wconf 90' lang='lat' dir='ltr'><strong><em>illi</em></strong></span> <span class='ocrx_word' id='word_1_133' title='bbox 770 2617 990 2683; x_wconf 74' lang='lat' dir='ltr'><strong><em>commiserint</em></strong></span> <span class='ocrx_word' id='word_1_134' title='bbox 1010 2638 1075 2706; x_wconf 88' lang='lat' dir='ltr'><strong><em>que</em></strong></span> <span class='ocrx_word' id='word_1_135' title='bbox 1097 2615 1219 2684; x_wconf 81' lang='lat' dir='ltr'><strong><em>Catulli</em></strong></span> 
     </span>
     <span class='ocr_line' id='line_1_18' title="bbox 174 2733 1222 2823; baseline 0.002 -24"><span class='ocrx_word' id='word_1_136' title='bbox 174 2736 253 2801; x_wconf 90' lang='lat' dir='ltr'><strong><em>iram</em></strong></span> <span class='ocrx_word' id='word_1_137' title='bbox 286 2746 543 2801; x_wconf 81' lang='lat' dir='ltr'><strong><em>commonerent.</em></strong></span> <span class='ocrx_word' id='word_1_138' title='bbox 586 2735 727 2823; x_wconf 88' lang='lat' dir='ltr'><strong><em>primum</em></strong></span> <span class='ocrx_word' id='word_1_139' title='bbox 747 2735 831 2801; x_wconf 89' lang='lat' dir='ltr'><strong><em>enim</em></strong></span> <span class='ocrx_word' id='word_1_140' title='bbox 853 2736 1043 2801; x_wconf 81' lang='lat' dir='ltr'><strong><em>quentium·</em></strong></span> <span class='ocrx_word' id='word_1_141' title='bbox 1069 2733 1116 2799; x_wconf 90' lang='lat' dir='ltr'><strong><em>illi</em></strong></span> <span class='ocrx_word' id='word_1_142' title='bbox 1146 2736 1222 2801; x_wconf 87' lang='lat' dir='ltr'><strong><em>sub·</em></strong></span> 
     </span>
     <span class='ocr_line' id='line_1_19' title="bbox 174 2836 1220 2941; baseline 0.001 -24"><span class='ocrx_word' id='word_1_143' title='bbox 174 2836 351 2937; x_wconf 83' lang='lat' dir='ltr'><strong><em>duxerant,</em></strong></span> <span class='ocrx_word' id='word_1_144' title='bbox 387 2850 504 2919; x_wconf 88' lang='lat' dir='ltr'><strong><em>deinde</em></strong></span> <span class='ocrx_word' id='word_1_145' title='bbox 531 2852 599 2918; x_wconf 89' lang='lat' dir='ltr'><strong><em>eius</em></strong></span> <span class='ocrx_word' id='word_1_146' title='bbox 630 2852 773 2919; x_wconf 85' lang='lat' dir='ltr'><strong><em>earmina</em></strong></span> <span class='ocrx_word' id='word_1_147' title='bbox 804 2852 994 2920; x_wconf 67' lang='lat' dir='ltr'><strong><em>deriserunt.</em></strong></span> <span class='ocrx_word' id='word_1_148' title='bbox 1043 2851 1089 2919; x_wconf 89' lang='lat' dir='ltr'><strong><em>illi</em></strong></span> <span class='ocrx_word' id='word_1_149' title='bbox 1119 2854 1220 2941; x_wconf 79' lang='lat' dir='ltr'><strong><em>igitur</em></strong></span> 
     </span>
     <span class='ocr_line' id='line_1_20' title="bbox 174 2968 1218 3059; baseline 0.004 -26"><span class='ocrx_word' id='word_1_150' title='bbox 174 2968 358 3037; x_wconf 75' lang='lat' dir='ltr'><strong><em>homunculi</em></strong></span> <span class='ocrx_word' id='word_1_151' title='bbox 380 2971 494 3039; x_wconf 85' lang='lat' dir='ltr'><strong><em>edaces</em></strong></span> <span class='ocrx_word' id='word_1_152' title='bbox 516 2969 664 3059; x_wconf 83' lang='lat' dir='ltr'><strong><em>quotiens</em></strong></span> <span class='ocrx_word' id='word_1_153' title='bbox 685 2971 719 3035; x_wconf 90' lang='lat' dir='ltr'><strong><em>in</em></strong></span> <span class='ocrx_word' id='word_1_154' title='bbox 741 2970 862 3035; x_wconf 86' lang='lat' dir='ltr'><strong><em>mensis</em></strong></span> <span class='ocrx_word' id='word_1_155' title='bbox 876 2969 996 3036; x_wconf 83' lang='lat' dir='ltr'><strong><em>Catulli</em></strong></span> <span class='ocrx_word' id='word_1_156' title='bbox 1009 2970 1104 3036; x_wconf 81' lang='lat' dir='ltr'><strong><em>lautis</em></strong></span> <span class='ocrx_word' id='word_1_157' title='bbox 1124 2970 1218 3037; x_wconf 82' lang='lat' dir='ltr'><strong><em>satia·</em></strong></span> 
     </span>
     <span class='ocr_line' id='line_1_21' title="bbox 175 3085 1217 3173; baseline -0.002 -18"><span class='ocrx_word' id='word_1_158' title='bbox 175 3090 309 3173; x_wconf 86' lang='lat' dir='ltr'><strong><em>bantur,</em></strong></span> <span class='ocrx_word' id='word_1_159' title='bbox 351 3088 469 3153; x_wconf 74' lang='lat' dir='ltr'><strong><em>totiens</em></strong></span> <span class='ocrx_word' id='word_1_160' title='bbox 503 3085 661 3152; x_wconf 86' lang='lat' dir='ltr'><strong><em>beneficia</em></strong></span> <span class='ocrx_word' id='word_1_161' title='bbox 692 3086 726 3151; x_wconf 91' lang='lat' dir='ltr'><strong><em>in</em></strong></span> <span class='ocrx_word' id='word_1_162' title='bbox 755 3108 790 3153; x_wconf 90' lang='lat' dir='ltr'><strong><em>se</em></strong></span> <span class='ocrx_word' id='word_1_163' title='bbox 821 3086 949 3153; x_wconf 80' lang='lat' dir='ltr'><strong><em>conlata</em></strong></span> <span class='ocrx_word' id='word_1_164' title='bbox 980 3089 1217 3155; x_wconf 79' lang='lat' dir='ltr'><strong><em>remuneraturi</em></strong></span> 
     </span>
     <span class='ocr_line' id='line_1_22' title="bbox 174 3204 1220 3293; baseline 0 -22"><span class='ocrx_word' id='word_1_165' title='bbox 174 3205 459 3271; x_wconf 80' lang='lat' dir='ltr'><strong><em>adsentatiunculis&#39;</em></strong></span> <span class='ocrx_word' id='word_1_166' title='bbox 479 3215 608 3293; x_wconf 81' lang='lat' dir='ltr'><strong><em>poetam</em></strong></span> <span class='ocrx_word' id='word_1_167' title='bbox 630 3204 690 3271; x_wconf 88' lang='lat' dir='ltr'><strong><em>sibi</em></strong></span> <span class='ocrx_word' id='word_1_168' title='bbox 712 3204 860 3291; x_wconf 84' lang='lat' dir='ltr'><strong><em>obligare</em></strong></span> <span class='ocrx_word' id='word_1_169' title='bbox 880 3205 1102 3292; x_wconf 81' lang='lat' dir='ltr'><strong><em>temptabant,</em></strong></span> <span class='ocrx_word' id='word_1_170' title='bbox 1131 3215 1220 3271; x_wconf 85' lang='lat' dir='ltr'><strong><em>etse</em></strong></span> 
     </span>
     <span class='ocr_line' id='line_1_23' title="bbox 175 3320 1219 3410; baseline -0.001 -21"><span class='ocrx_word' id='word_1_171' title='bbox 175 3320 306 3389; x_wconf 82' lang='lat' dir='ltr'><strong><em>Getullu</em></strong></span> <span class='ocrx_word' id='word_1_172' title='bbox 335 3343 462 3410; x_wconf 79' lang='lat' dir='ltr'><strong><em>semper</em></strong></span> <span class='ocrx_word' id='word_1_173' title='bbox 487 3321 689 3387; x_wconf 84' lang='lat' dir='ltr'><strong><em>fidelissimos</em></strong></span> <span class='ocrx_word' id='word_1_174' title='bbox 710 3320 829 3387; x_wconf 88' lang='lat' dir='ltr'><strong><em>amicos</em></strong></span> <span class='ocrx_word' id='word_1_175' title='bbox 850 3321 920 3387; x_wconf 87' lang='lat' dir='ltr'><strong><em>fore</em></strong></span> <span class='ocrx_word' id='word_1_176' title='bbox 940 3343 1046 3407; x_wconf 88' lang='lat' dir='ltr'><strong><em>neque</em></strong></span> <span class='ocrx_word' id='word_1_177' title='bbox 1065 3343 1219 3409; x_wconf 87' lang='lat' dir='ltr'><strong><em>nmquam</em></strong></span> 
     </span>
     <span class='ocr_line' id='line_1_24' title="bbox 175 3437 1219 3527; baseline 0 -22"><span class='ocrx_word' id='word_1_178' title='bbox 175 3441 212 3505; x_wconf 85' lang='lat' dir='ltr'><strong><em>ab</em></strong></span> <span class='ocrx_word' id='word_1_179' title='bbox 233 3463 284 3524; x_wconf 84' lang='lat' dir='ltr'><strong><em>eo,</em></strong></span> <span class='ocrx_word' id='word_1_180' title='bbox 302 3441 404 3507; x_wconf 59' lang='lat' dir='ltr'><strong><em>&lt;etiam</em></strong></span> <span class='ocrx_word' id='word_1_181' title='bbox 427 3440 454 3504; x_wconf 87' lang='lat' dir='ltr'><strong><em>si</em></strong></span> <span class='ocrx_word' id='word_1_182' title='bbox 476 3438 517 3503; x_wconf 88' lang='lat' dir='ltr'><strong><em>ad</em></strong></span> <span class='ocrx_word' id='word_1_183' title='bbox 538 3438 767 3506; x_wconf 78' lang='lat' dir='ltr'><strong><em>remotissimas</em></strong></span> <span class='ocrx_word' id='word_1_184' title='bbox 787 3438 940 3526; x_wconf 85' lang='lat' dir='ltr'><strong><em>regiones</em></strong></span> <span class='ocrx_word' id='word_1_185' title='bbox 952 3437 1219 3527; x_wconf 82' lang='lat' dir='ltr'><strong><em>proficisceretur,</em></strong></span> 
     </span>
     <span class='ocr_line' id='line_1_25' title="bbox 174 3555 1218 3646; baseline 0 -25"><span class='ocrx_word' id='word_1_186' title='bbox 174 3556 370 3623; x_wconf 79' lang='lat' dir='ltr'><strong><em>discessuros</em></strong></span> <span class='ocrx_word' id='word_1_187' title='bbox 392 3578 462 3623; x_wconf 88' lang='lat' dir='ltr'><strong><em>esse</em></strong></span> <span class='ocrx_word' id='word_1_188' title='bbox 483 3556 651 3643; x_wconf 87' lang='lat' dir='ltr'><strong><em>religiose,</em></strong></span> <span class='ocrx_word' id='word_1_189' title='bbox 685 3558 748 3636; x_wconf 80' lang='lat' dir='ltr'><strong><em>hoc</em></strong></span> <span class='ocrx_word' id='word_1_190' title='bbox 769 3565 832 3639; x_wconf 86' lang='lat' dir='ltr'><strong><em>est,</em></strong></span> <span class='ocrx_word' id='word_1_191' title='bbox 868 3567 905 3623; x_wconf 86' lang='lat' dir='ltr'><strong><em>ut</em></strong></span> <span class='ocrx_word' id='word_1_192' title='bbox 932 3556 1040 3623; x_wconf 89' lang='lat' dir='ltr'><strong><em>uerbis</em></strong></span> <span class='ocrx_word' id='word_1_193' title='bbox 1062 3555 1218 3646; x_wconf 84' lang='lat' dir='ltr'><strong><em>Gelasimi</em></strong></span> 
     </span>
     <span class='ocr_line' id='line_1_26' title="bbox 174 3666 1217 3763; baseline 0 -24"><span class='ocrx_word' id='word_1_194' title='bbox 174 3674 313 3741; x_wconf 83' lang='lat' dir='ltr'><strong><em>Plautini</em></strong></span> <span class='ocrx_word' id='word_1_195' title='bbox 343 3683 433 3757; x_wconf 83' lang='lat' dir='ltr'><strong><em>utar,</em></strong></span> <span class='ocrx_word' id='word_1_196' title='bbox 463 3668 749 3762; x_wconf 78' lang='lat' dir='ltr'><strong><em>‘perieratiunculis</em></strong></span> <span class='ocrx_word' id='word_1_197' title='bbox 777 3666 969 3763; x_wconf 83' lang='lat' dir='ltr'><strong><em>parasitieis’</em></strong></span> <span class='ocrx_word' id='word_1_198' title='bbox 995 3673 1217 3739; x_wconf 67' lang='lat' dir='ltr'><strong><em>adfirmabant</em></strong></span> 
     </span>
     <span class='ocr_line' id='line_1_27' title="bbox 173 3790 1217 3878; baseline 0 -22"><span class='ocrx_word' id='word_1_199' title='bbox 173 3792 268 3859; x_wconf 89' lang='lat' dir='ltr'><strong><em>nihilo</em></strong></span> <span class='ocrx_word' id='word_1_200' title='bbox 289 3792 399 3857; x_wconf 89' lang='lat' dir='ltr'><strong><em>minus</em></strong></span> <span class='ocrx_word' id='word_1_201' title='bbox 419 3800 527 3857; x_wconf 81' lang='lat' dir='ltr'><strong><em>tamen</em></strong></span> <span class='ocrx_word' id='word_1_202' title='bbox 549 3790 718 3873; x_wconf 86' lang='lat' dir='ltr'><strong><em>quentio,</em></strong></span> <span class='ocrx_word' id='word_1_203' title='bbox 751 3813 846 3878; x_wconf 88' lang='lat' dir='ltr'><strong><em>quem</em></strong></span> <span class='ocrx_word' id='word_1_204' title='bbox 871 3801 969 3877; x_wconf 84' lang='lat' dir='ltr'><strong><em>poeta</em></strong></span> <span class='ocrx_word' id='word_1_205' title='bbox 994 3792 1138 3873; x_wconf 83' lang='lat' dir='ltr'><strong><em>amabat,</em></strong></span> <span class='ocrx_word' id='word_1_206' title='bbox 1170 3792 1217 3857; x_wconf 91' lang='lat' dir='ltr'><strong><em>in-</em></strong></span> 
     </span>
     <span class='ocr_line' id='line_1_28' title="bbox 79 3906 1215 3996; baseline 0 -23"><span class='ocrx_word' id='word_1_207' title='bbox 79 3920 81 3989; x_wconf 65' lang='lat'>3</span> <span class='ocrx_word' id='word_1_208' title='bbox 174 3910 279 3976; x_wconf 87' lang='lat' dir='ltr'><strong><em>sidiari</em></strong></span> <span class='ocrx_word' id='word_1_209' title='bbox 300 3932 440 3996; x_wconf 88' lang='lat' dir='ltr'><strong><em>eumque</em></strong></span> <span class='ocrx_word' id='word_1_210' title='bbox 455 3933 474 3973; x_wconf 89' lang='lat' dir='ltr'><strong><em>a</em></strong></span> <span class='ocrx_word' id='word_1_211' title='bbox 489 3906 617 3975; x_wconf 78' lang='lat' dir='ltr'><strong><em>Oatrdle</em></strong></span> <span class='ocrx_word' id='word_1_212' title='bbox 640 3907 824 3975; x_wconf 79' lang='lat' dir='ltr'><strong><em>abalienare</em></strong></span> <span class='ocrx_word' id='word_1_213' title='bbox 837 3930 903 3973; x_wconf 90' lang='lat' dir='ltr'><strong><em>non</em></strong></span> <span class='ocrx_word' id='word_1_214' title='bbox 916 3919 991 3976; x_wconf 82' lang='lat' dir='ltr'><strong><em>sunt</em></strong></span> <span class='ocrx_word' id='word_1_215' title='bbox 1005 3908 1108 3975; x_wconf 88' lang='lat' dir='ltr'><strong><em>ueriti.</em></strong></span> <span class='ocrx_word' id='word_1_216' title='bbox 1150 3910 1215 3974; x_wconf 87' lang='lat' dir='ltr'><strong><em>iam</em></strong></span> 
     </span>
     <span class='ocr_line' id='line_1_29' title="bbox 79 4024 1214 4116; baseline 0 -25"><span class='ocrx_word' id='word_1_217' title='bbox 79 4048 80 4065; x_wconf 61' lang='lat'>¹</span> <span class='ocrx_word' id='word_1_218' title='bbox 174 4026 270 4114; x_wconf 83' lang='lat' dir='ltr'><strong><em>igitur</em></strong></span> <span class='ocrx_word' id='word_1_219' title='bbox 300 4027 328 4091; x_wconf 88' lang='lat' dir='ltr'><strong><em>is</em></strong></span> <span class='ocrx_word' id='word_1_220' title='bbox 357 4050 417 4116; x_wconf 87' lang='lat' dir='ltr'><strong><em>par</em></strong></span> <span class='ocrx_word' id='word_1_221' title='bbox 436 4027 545 4091; x_wconf 86' lang='lat' dir='ltr'><strong><em>nobile</em></strong></span> <span class='ocrx_word' id='word_1_222' title='bbox 574 4024 651 4091; x_wconf 91' lang='lat' dir='ltr'><strong><em>illud</em></strong></span> <span class='ocrx_word' id='word_1_223' title='bbox 680 4024 720 4089; x_wconf 92' lang='lat' dir='ltr'><strong><em>de</em></strong></span> <span class='ocrx_word' id='word_1_224' title='bbox 748 4024 883 4113; x_wconf 86' lang='lat' dir='ltr'><strong><em>perfidia</em></strong></span> <span class='ocrx_word' id='word_1_225' title='bbox 903 4026 949 4093; x_wconf 85' lang='lat' dir='ltr'><strong><em>ita</em></strong></span> <span class='ocrx_word' id='word_1_226' title='bbox 980 4026 1096 4092; x_wconf 85' lang='lat' dir='ltr'><strong><em>acerbe</em></strong></span> <span class='ocrx_word' id='word_1_227' title='bbox 1127 4046 1214 4113; x_wconf 84' lang='lat' dir='ltr'><strong><em>pers·</em></strong></span> 
     </span>
     <span class='ocr_line' id='line_1_30' title="bbox 79 4137 1215 4233; baseline -0.002 -24"><span class='ocrx_word' id='word_1_228' title='bbox 79 4146 80 4185; x_wconf 62' lang='lat' dir='ltr'>ss</span> <span class='ocrx_word' id='word_1_229' title='bbox 174 4144 283 4233; x_wconf 82' lang='lat' dir='ltr'><strong><em>tringit</em></strong></span> <span class='ocrx_word' id='word_1_230' title='bbox 304 4155 341 4211; x_wconf 81' lang='lat' dir='ltr'><strong><em>ut</em></strong></span> <span class='ocrx_word' id='word_1_231' title='bbox 363 4144 404 4209; x_wconf 85' lang='lat' dir='ltr'><strong><em>ab</em></strong></span> <span class='ocrx_word' id='word_1_232' title='bbox 421 4144 513 4208; x_wconf 83' lang='lat' dir='ltr'><strong><em>initio</em></strong></span> <span class='ocrx_word' id='word_1_233' title='bbox 533 4142 681 4209; x_wconf 81' lang='lat' dir='ltr'><strong><em>carminis</em></strong></span> <span class='ocrx_word' id='word_1_234' title='bbox 702 4142 758 4207; x_wconf 88' lang='lat' dir='ltr'><strong><em>illu</em></strong></span> <span class='ocrx_word' id='word_1_235' title='bbox 778 4164 861 4229; x_wconf 87' lang='lat' dir='ltr'><strong><em>quae</em></strong></span> <span class='ocrx_word' id='word_1_236' title='bbox 874 4137 976 4231; x_wconf 82' lang='lat' dir='ltr'><strong><em>‘pater</em></strong></span> <span class='ocrx_word' id='word_1_237' title='bbox 996 4137 1215 4208; x_wconf 85' lang='lat' dir='ltr'><strong><em>esuritionnm&#39;</em></strong></span> 
     </span>
     <span class='ocr_line' id='line_1_31' title="bbox 79 4258 1215 4350; baseline 0 -25"><span class='ocrx_word' id='word_1_238' title='bbox 79 4334 80 4343; x_wconf 8' lang='grc' dir='ltr'>ἵ</span> <span class='ocrx_word' id='word_1_239' title='bbox 175 4272 314 4350; x_wconf 85' lang='lat' dir='ltr'><strong><em>uterque,</em></strong></span> <span class='ocrx_word' id='word_1_240' title='bbox 336 4260 484 4350; x_wconf 85' lang='lat' dir='ltr'><strong><em>quotiens</em></strong></span> <span class='ocrx_word' id='word_1_241' title='bbox 498 4262 531 4325; x_wconf 90' lang='lat' dir='ltr'><strong><em>iu</em></strong></span> <span class='ocrx_word' id='word_1_242' title='bbox 546 4280 657 4326; x_wconf 88' lang='lat' dir='ltr'><strong><em>mensa</em></strong></span> <span class='ocrx_word' id='word_1_243' title='bbox 671 4258 775 4326; x_wconf 86' lang='lat' dir='ltr'><strong><em>aliena</em></strong></span> <span class='ocrx_word' id='word_1_244' title='bbox 789 4260 992 4346; x_wconf 80' lang='lat' dir='ltr'><strong><em>pascebatur,</em></strong></span> <span class='ocrx_word' id='word_1_245' title='bbox 1006 4259 1046 4326; x_wconf 89' lang='lat' dir='ltr'><strong><em>de</em></strong></span> <span class='ocrx_word' id='word_1_246' title='bbox 1061 4258 1215 4325; x_wconf 86' lang='lat' dir='ltr'><strong><em>fidelitate</em></strong></span> 
     </span>
     <span class='ocr_line' id='line_1_32' title="bbox 947 4360 1016 4424; baseline 0.029 -2"><span class='ocrx_word' id='word_1_247' title='bbox 947 4360 1016 4424; x_wconf 70' lang='lat'><strong><em>10⁴</em></strong></span> 
     </span>
    </p>
   </div>
   <div class='ocr_carea' id='block_1_3' title="bbox 0 0 1676 5200">
    <p class='ocr_par' dir='ltr' id='par_1_3' title="bbox 0 0 1676 5200">
     <span class='ocr_line' id='line_1_33' title="bbox 0 0 1676 5200; baseline 0 2"><span class='ocrx_word' id='word_1_248' title='bbox 0 0 1676 5200; x_wconf 95' lang='lat' dir='ltr'><strong><em> </em></strong></span> 
     </span>
    </p>
   </div>
  </div>
 </body>
</html>
