3342 5200
426 617 477 668 888
512 613 590 668 xlm
615 616 664 668 DE
679 613 819 670 1817610
832 611 1027 678 ’70209870
1043 613 1090 666 ul·
1106 611 1206 666 mun
1224 611 1480 668 nnmerum

423 781 542 860 691163
562 781 594 848 ἰιι
610 779 710 850 Orata
729 791 893 848 moretum
907 801 988 859 erre,
1010 779 1105 845 faeile
1124 779 1319 867 eonligimur
1338 782 1380 846 L
1394 780 1478 846 Tor·

426 909 561 988 quatum
588 919 654 964 non
679 909 753 986 port
773 920 893 964 annum
913 895 1033 974 691163
1053 897 1087 962 in
1107 895 1221 962 Africa
1240 919 1299 985 pro
1326 907 1479 985 praetore

426 1036 497 1082 eree
510 1013 661 1104 potuine
702 1035 746 1082 ex
760 1015 866 1082 altera
878 1024 972 1102 parte
985 1022 1062 1080 ente
1075 1035 1194 1080 ennum
1209 1013 1327 1098 681173
1339 1016 1382 1080 Δ.
1396 1015 1480 1080 Tor·

427 1141 561 1220 quatum
571 1130 715 1198 Affieam
728 1153 793 1198 uon
806 1130 1047 1198 adruinum
1057 1130 1133 1196 inde
1150 1129 1273 1196 oonieio
1284 1131 1372 1218 quod
1382 1130 1480 1196 Plau-

426 1249 495 1316 einr
516 1247 572 1314 ille
592 1248 663 1336 (qai
685 1269 844 1316 annornm
865 1248 984 1335 quibua
1003 1252 1215 1334 magistratu·
1236 1247 1339 1334 gemit
1351 1248 1480 1313 ratione

426 1363 537 1432 habita
555 1385 641 1430 euno
661 1363 731 1432 iere
744 1364 865 1442 664190
880 1374 977 1430 natm
997 1384 1067 1430 eree
1088 1362 1218 1429 uidetur
1240 1373 1276 1429 et
1294 1362 1481 1428 adulewen-

428 1479 529 1564 tulur,
561 1489 597 1546 nt
624 1477 740 1546 Cicero
769 1481 830 1563 eit,
856 1479 920 1545 rub
940 1479 1109 1565 Torquato
1135 1488 1348 1567 propraetore
1373 1478 1480 1565 prima

427 1596 588 1685 stipendia
617 1596 710 1680 feeit)
740 1619 825 1662 anno
846 1597 964 1674 681173
991 1619 1094 1664 annor
1115 1596 1335 1683 septendeeim
1354 1595 1479 1677 habuit,

429 1735 494 1801 qne
521 1721 628 1780 aetate
653 1715 787 1781 iuuenes
807 1713 947 1780 Romani
967 1713 1108 1800 primum
1137 1713 1179 1780 ad
1206 1735 1277 1778 rem
1303 1712 1478 1778 militarem

428 1827 583 1896 aeoedere
601 1829 757 1898 solebant.
800 1832 928 1918 itaque,
956 1839 994 1896 nt
1011 1840 1140 1918 tempus
1161 1830 1194 1895 in
1215 1830 1404 1896 uniuersum
1424 1829 1480 1894 de

428 1943 586 2028 finiamnr,
608 1967 692 2012 euno
713 1945 784 2013 iere
804 1947 923 2024 686169
942 1947 986 2014 A.
1009 1947 1211 2035 Torquatum
1233 1946 1364 2012 Afrioee
1384 1967 1478 2033 prae

426 2060 529 2128 eidem
550 2060 650 2128 suinae
672 2085 847 2146 sumemus,
869 2085 935 2151 qno
957 2061 1175 2151 quadraginta
1195 2063 1288 2129 ennio
1309 2085 1383 2128 eum
1396 2072 1478 2128 netu

426 2197 493 2243 non
513 2177 669 2246 minorem
692 2179 792 2246 fuisse
814 2187 939 2246 eertum
961 2189 1021 2246 eet.
1063 2178 1271 2244 adfirmemus
1291 2178 1392 2265 igitur
1415 2178 1478 2265 pri·

426 2315 515 2360 mum
542 2295 584 2360 A.
608 2293 811 2384 Torquatum
839 2307 1081 2384 propraetorem
1107 2294 1240 2361 Africae
1268 2304 1300 2360 et
1331 2295 1372 2362 A.
1396 2295 1478 2360 Tor

427 2421 561 2498 quntum
582 2411 798 2498 quaesitorem
826 2411 964 2478 eundem
991 2411 1154 2478 hominem
1182 2411 1307 2494 faiaee‚-
1326 2411 1360 2476 id
1388 2412 1479 2499 qnod

428 2523 633 2594 Broeokerne
661 2526 710 2615 (iu
745 2527 852 2594 Paulii
887 2529 1054 2616 enoyclop.
1086 2550 1125 2594 ιιιι
1160 2529 1257 2614 1494)
1291 2527 1479 2594 dubitanter

427 2647 565 2713 oonieeit
582 2668 591 2710 τ
611 2645 730 2714 deiude
761 2644 882 2713 Aulum
914 2644 1118 2732 Torquatum
1145 2668 1231 2712 anno
1264 2646 1333 2711 fere
1358 2646 1479 2725 684170

426 2774 609 2851 praetorem
643 2762 741 2829 fuine
779 2784 931 2851 annoque
963 2766 1113 2849 aequanti
1145 2762 1264 2841 686169
1298 2784 1357 2849 pro
1385 2786 1478 2850 pree·

426 2890 497 2945 tore
531 2878 677 2945 Africam
707 2880 908 2967 prouinciam
939 2881 1199 2964 administrasse,
1239 2890 1337 2968 etque
1367 2880 1479 2946 multia

425 2996 518 3063 annio
537 3006 612 3083 poet
637 3018 723 3063 euno
745 2996 863 3075 702152
888 3008 1022 3085 propter
1049 2998 1245 3083 grauitatem
1272 2999 1478 3063 sanctitatem

426 3111 619 3201 dignitatem
649 3113 706 3197 (ef.
730 3110 798 3181 Cio.
820 3137 851 3201 p.
873 3114 985 3180 Plano.
1009 3114 1125 3198 1127)
1150 3123 1244 3181 extre
1263 3114 1411 3180 ordinem
1431 3115 1479 3180 iu·

427 3228 530 3297 dieem
550 3230 748 3317 quaestionis
768 3232 809 3298 de
823 3230 954 3299 Milonie
975 3230 1099 3298 ambitu
1120 3231 1338 3297 instituendae
1351 3254 1372 3297 e
1384 3231 1479 3296 Pom·

426 3346 510 3435 poio,
529 3346 581 3414 oui
597 3347 742 3414 addiotnr
765 3356 846 3423 erat,
869 3348 1008 3413 eleeturn
1022 3368 1093 3413 eeae
1107 3368 1116 3411 ι
1130 3348 1270 3435 denique
1282 3346 1480 3413 arbitremur

426 3464 518 3531 illum
547 3464 671 3529 Aulum
702 3463 904 3551 Torquatum
935 3486 1001 3531 non
1034 3484 1130 3551 poree
1161 3462 1262 3529 filium
1291 3462 1331 3529 L.
1363 3462 1479 3529 Manlii

427 3579 565 3647 consutis
585 3581 661 3647 enni
683 3580 801 3659 689167)
821 3602 902 3663 eree,
924 3589 1023 3667 atque
1049 3580 1103 3645 uel
1130 3589 1311 3667 temporum
1336 3580 1479 3647 rationes

426 3697 642 3784 obstareque
664 3697 771 3764 minue
787 3696 951 3764 Catullum
973 3698 1006 3763 in
1028 3697 1098 3762 eiua
1118 3697 1249 3783 nuptiae
1269 3718 1399 3763 carmen
1421 3716 1479 3762 nm

424 3813 591 3901 eoripaiaee
623 3815 798 3881 credemur.
854 3823 889 3879 at
920 3813 1000 3900 quid
1030 3814 1141 3880 multis
1173 3834 1255 3900 opue
1283 3822 1332 3878 eat
1359 3812 1479 3895 nerbie,

424 3933 577 4017 quoniam
604 3942 675 3999 tota
705 3952 757 3997 ree
787 3954 884 4020 qnam
912 3930 1104 3997 breuireime
1132 3929 1248 3997 eonfiei
1268 3926 1405 4016 potent?
1435 3950 1479 3994 ex

426 4048 500 4113 loeo
522 4049 606 4113 enim
629 4047 826 4115 Planciauae
853 4068 951 4134 quem
981 4070 1080 4135 supra
1102 4048 1312 4135 exoriprimue
1332 4047 1375 4113 A.
1398 4046 1479 4111 Tor·

430 4177 563 4253 quatum
614 4188 678 4233 non
727 4177 794 4233 ten
836 4163 966 4231 Vinium
1014 4164 1177 4251 quandam
1223 4163 1479 4251 Auruneuieiem
