3342 5200
458 631 506 682 ltu
669 625 734 678 vm
767 625 815 680 DE
831 623 954 678 lom
970 623 1119 678 mma
1136 621 1289 677 cmm

456 793 716 880 daduBs‘thyno
738 791 848 882 frutra
875 797 938 858 erist
964 787 1507 880 Imrpuormnoetooouomeats'n

463 910 1027 997 Troodesuhss'stererehs‘frotrm
1054 907 1222 974 cambo
1246 907 1356 972 oms'atl
1383 926 1508 991 ettmque

457 1027 508 1094 ihs·
526 1027 698 1096 tumulenti.
736 1039 806 1114 post
826 1028 971 1114 aquius
981 1024 1103 1112 fratris
1122 1047 1193 1090 uere
1210 1047 1289 1090 nouo
1309 1023 1432 1088 soluens
1450 1021 1509 1086 leco

457 1145 811 1234 spiprcmuco(xxxxv1
831 1142 903 1208 Iam
926 1166 980 1208 uer
1007 1141 1137 1230 epsls‘dos
1157 1139 1258 1225 refert
1276 1142 1412 1228 tepores)
1433 1162 1510 1204 ccu-

454 1263 566 1350 pcruit.
601 1267 633 1327 iss
654 1260 803 1346 Bithyno
823 1262 890 1326 urolt
908 1259 964 1325 hoo
986 1283 1107 1325 cunum
1129 1257 1275 1345 emptum
1292 1279 1356 1321 esse
1375 1259 1426 1321 πᾶν
1449 1257 1511 1320 elo-

458 1383 680 1468 quentissimus,
701 1401 723 1441 α
744 1399 801 1464 quo
823 1375 1036 1444 dissentimus.
1067 1375 1156 1442 ollone
1170 1378 1311 1462 asquia
1322 1371 1428 1459 frutrs'
1438 1385 1512 1438 ante

448 1505 554 1582 sunus
568 1493 717 1582 fratris?
740 1494 918 1560 ridiculos.
961 1513 1075 1559 uerum
1095 1502 1205 1560 tamen
1225 1489 1402 1559 rectissime
1423 1490 1512 1556 dixit

457 1612 621 1694 Muretus,
648 1632 744 1700 quem
772 1634 832 1678 uos
859 1634 889 1699 p
918 1611 979 1676 174
1005 1607 1107 1676 secuti
1134 1631 1260 1692 sumus,
1288 1607 1322 1673 in
1349 1606 1512 1696 Bithynia

457 1727 619 1796 Catulum
651 1749 779 1794 carmen
813 1728 876 1794 hcc
906 1726 1072 1816 scripsisse
1099 1749 1108 1790 τ
1136 1727 1228 1792 ouius
1259 1724 1421 1792 sententia
1457 1724 1512 1790 uel

456 1844 758 1912 commemoratione
779 1845 852 1932 agri
872 1843 1063 1911 Nicaeensis
1090 1843 1124 1910 iu
1151 1863 1251 1909 uersu
1278 1842 1391 1932 quinto
1413 1852 1511 1910 extra

456 1959 690 2029 dubitationem
709 1962 849 2050 punitur.
889 1957 1036 2049 ‘Phrygii
1058 1953 1179 2048 campi',
1202 1982 1284 2049 quos
1304 1959 1455 2026 Catullus
1475 1959 1509 2023 in

457 2101 553 2145 uersu
573 2089 688 2168 quarto
709 2088 951 2162 commemorat,
973 2101 993 2144 a
1013 2077 1157 2165 Phrygia
1179 2078 1316 2161 maiore,
1344 2085 1435 2142 terra
1458 2074 1511 2142 Bi·

455 2197 589 2284 thyniae
610 2195 739 2279 confini,
760 2217 878 2262 nomeu
895 2205 1066 2262 traxerunt
1079 2215 1187 2284 neque
1201 2203 1285 2276 suut,
1306 2204 1344 2260 ut
1357 2193 1511 2280 Scaliger

457 2311 633 2380 credidisse
641 2313 779 2396 uidetur,
792 2312 957 2399 Phrygiae
966 2311 1109 2395 minoris,
1121 2310 1195 2378 olim
1204 2310 1367 2378 Troadem
1376 2330 1510 2400 quoque

456 2431 696 2519 conplectentis,
708 2428 892 2519 quaeregio
901 2426 1229 2516 Catullitempcribus
1240 2426 1425 2515 parsAsiae
1434 2449 1510 2515 pro

457 2546 582 2615 uinciae
601 2556 681 2631 erat,
703 2568 768 2636 quo
789 2545 1012 2634 protecturum
1025 2566 1096 2613 sese
1109 2567 1181 2613 esse
1195 2542 1345 2639 Catullus
1359 2542 1393 2610 in
1409 2566 1509 2611 uersu

457 2675 550 2733 sextu
565 2664 618 2731 sit.
634 2702 672 2715 —
689 2662 873 2729 Fridcricus
885 2660 1025 2751 denique
1039 2663 1206 2731 Iscohsiua
1220 2662 1254 2731 iu
1267 2662 1420 2749 florilegii
1432 2685 1510 2751 poe

455 2793 562 2851 nrum
577 2780 798 2847 Romanorum
817 2790 910 2867 parte
929 2803 949 2845 rr
966 2779 1009 2845 43
1030 2776 1160 2847 Oatullc
1175 2781 1209 2847 iu
1224 2780 1415 2869 Bithyniam
1432 2801 1510 2869 pro

456 2898 613 2965 lioisoeuti
627 2896 763 2963 coniecit
776 2896 810 2963 in
832 2896 928 2963 litore
947 2896 1088 2964 Troadis
1101 2897 1247 2980 fratrem,
1267 2898 1324 2987 qui
1343 2898 1415 2986 ipae
1429 2920 1511 2986 quo

457 3037 522 3105 que
543 3015 578 3081 in
599 3012 743 3083 Memmii
765 3014 898 3079 cohorte
925 3012 1056 3097 fuisset,
1086 3024 1191 3081 morte
1221 3036 1291 3081 esse
1311 3015 1511 3103 ademptum

456 3134 571 3199 horum
591 3131 769 3199 sententias
790 3142 826 3195 ut
846 3130 1081 3214 refutaremus,
1111 3132 1154 3198 ad
1182 3132 1327 3199 carmina
1347 3148 1466 3199 vaur·
1479 3143 1511 3199 et

456 3256 570 3317 uxvrul
582 3298 591 3331 ,
626 3248 660 3313 iu
689 3267 826 3335 quorum
853 3256 992 3336 utroque
1019 3270 1109 3314 mors
1135 3247 1246 3315 fratris
1272 3248 1393 3318 Catulli
1423 3272 1511 3316 com-

456 3377 669 3447 memoratur,
697 3385 877 3452 prouocare
896 3386 1083 3450 possemus,
1114 3368 1267 3453 quoniam
1289 3366 1401 3431 exeis
1423 3388 1511 3453 quae

456 3506 554 3570 supra
574 3482 782 3570 exposuimus
804 3480 882 3546 satis
902 3479 958 3546 diu
979 3491 1055 3548 ante
1068 3482 1131 3547 iter
1143 3480 1356 3569 Bithynicum
1377 3503 1510 3549 carmen

456 3607 629 3687 utrumque
651 3597 728 3663 illud
751 3597 907 3683 scriptum
928 3618 999 3663 esse
1020 3599 1155 3664 elucet:
1176 3598 1250 3680 sed,
1278 3619 1321 3664 ne
1349 3597 1511 3686 praeiudi-

456 3724 529 3781 cata
559 3714 709 3801 opinione
737 3713 900 3781 occaecati
928 3736 999 3781 ease
1026 3736 1213 3802 arguamur,
1249 3714 1407 3781 auxilium
1437 3738 1509 3781 ew

456 3831 579 3897 minum
606 3846 723 3897 uxvur·
746 3840 779 3897 et
799 3849 916 3904 uxvur„
942 3852 1091 3897 recusare
1120 3841 1154 3897 et
1181 3831 1286 3896 solum
1316 3853 1449 3897 carmen
1476 3850 1508 3899 cr

456 3946 518 4011 hcc
549 3946 682 4012 consilio
713 3966 870 4033 usurpare
901 3956 1055 4033 praestat
1098 3947 1344 4015 concedendum
1374 3948 1507 4036 quidem

455 4071 505 4128 est
537 4063 615 4129 satis
652 4062 796 4150 speciose
839 4064 1070 4149 grammaticos
1107 4062 1180 4131 illos
1215 4066 1350 4131 fratrem
1382 4062 1508 4132 Catulli

455 4176 654 4245 coniectasse
685 4200 758 4245 oum
789 4191 888 4266 poeta
920 4180 955 4246 iu
986 4178 1142 4267 Bithynia
1172 4180 1275 4248 luisse
1303 4180 1359 4246 uel
1388 4181 1507 4249 eodem
