3342 5200
496 630 521 680 V
554 630 603 682 DE
620 630 798 682 AMORIBVS
817 629 970 682 curvum
1203 635 1253 685 133

206 798 323 867 Clodia
344 819 428 864 anno
448 796 565 874 698156
588 794 668 861 adeo
697 818 731 861 se
751 797 915 863 abiecerat
935 797 1021 863 etin
1042 807 1165 865 tantam
1188 820 1254 864 om-

204 917 296 982 nium
318 914 591 1002 contemptionem
605 922 742 980 uenerat
762 923 799 980 ut
821 936 891 979 eam
912 915 1009 980 etiam
1021 923 1092 980 tum
1112 924 1253 982 amatam

205 1055 277 1099 esse
298 1056 317 1099 a
338 1030 468 1099 Catullo
489 1052 583 1096 nemo
606 1030 736 1096 credere
757 1029 868 1117 possit.
911 1054 938 1095 a
961 1029 992 1097 d.
1016 1054 1066 1096 vru
1087 1030 1130 1097 id.
1151 1031 1250 1099 Febr.

204 1150 291 1215 illius
313 1150 388 1215 anni
409 1148 442 1213 in
462 1146 589 1235 publico
611 1144 747 1230 iudicio,
776 1169 849 1212 cum
870 1146 951 1213 Milo
973 1171 992 1212 a
1012 1148 1049 1214 P.
1073 1146 1189 1215 Clodio
1211 1149 1250 1216 de

205 1268 239 1332 ui
262 1275 475 1349 accusaretur,
498 1263 666 1330 a'Milonis
688 1263 824 1329 adseclis
855 1258 978 1329 ‘uersus
1001 1260 1251 1333 obscaenissimi’

205 1385 239 1449 in
262 1382 412 1451 Clodium
434 1391 467 1448 et
488 1380 636 1449 Clodiam
668 1380 745 1448 dicti
772 1392 848 1448 sunt
868 1382 924 1467 (cf.
948 1379 1016 1448 Cic
1038 1382 1079 1448 ad
1102 1381 1143 1464 Q.
1165 1383 1205 1449 fr.
1226 1388 1247 1448 1'1

205 1501 227 1567 3
246 1502 294 1584 2).
336 1499 444 1589 paullo
465 1508 540 1587 post
559 1498 604 1566 M.
628 1497 769 1583 Tullius,
797 1497 901 1565 Caelii
920 1507 1092 1587 patronus,
1120 1498 1197 1565 item
1218 1501 1251 1567 in

205 1618 332 1707 publico
364 1617 482 1684 iudicio
516 1616 651 1685 Clodiae
678 1638 784 1682 mores
816 1616 1073 1704 corruptissimos
1103 1615 1252 1683 libidines

204 1734 335 1802 insanas
350 1732 474 1822 flagitia
496 1742 528 1799 et
549 1716 670 1799 scelera
686 1733 880 1819 grauissima
901 1741 933 1798 et
951 1734 1134 1822 turpissima
1155 1758 1252 1822 quam

206 1851 410 1919 acerbissime
431 1850 604 1938 castigauit
625 1860 658 1916 et
681 1850 881 1936 contemptui
902 1872 941 1915 ao
967 1850 1085 1916 derisui
1108 1853 1250 1917 omnium

205 1967 367 2036 tradidit:
388 1968 428 2033 de
455 1968 539 2033 illius
561 1967 770 2034 mulierculae
789 1966 823 2032 in
844 1967 914 2032 foro
935 1967 1066 2055 publico
1088 1978 1164 2034 ante
1185 1992 1250 2034 om·

202 2087 291 2152 nium
312 2086 429 2173 quibus
444 2085 555 2152 audire
568 2084 673 2150 lubuit
692 2107 787 2150 aures
801 2085 920 2151 totiens
934 2094 1081 2169 uexatus,
1103 2110 1122 2151 a
1138 2083 1248 2152 Caelio

202 2203 292 2270 Rufo
309 2196 397 2269 ¹olim
424 2201 544 2269 Catulli
566 2201 666 2289 ipsius
695 2202 820 2267 aemulo
842 2202 908 2266 iam
939 2202 1091 2285 relictae,
1118 2201 1249 2289 flagitiis

204 2318 344 2385 omnium
375 2341 530 2406 generum
560 2327 791 2405 conspurcatae
803 2366 812 2400 ,
852 2317 892 2382 de
930 2317 1015 2383 illius
1046 2318 1250 2384 mulierculae

203 2435 274 2502 dico
302 2457 410 2502 amore
439 2434 603 2501 Catullum
633 2457 718 2501 anno
747 2434 864 2511 698156
891 2444 923 2499 et
952 2435 1162 2523 sequentibus
1191 2459 1251 2501 nec

202 2554 266 2620 iam
288 2571 434 2640 sperasse
463 2572 522 2617 neo
549 2549 590 2617 de
618 2551 686 2616 eius
716 2550 851 2639 perfidia
878 2560 1030 2638 questum
1051 2573 1122 2618 esse
1153 2554 1251 2618 mani·

203 2672 322 2737 festum
343 2677 400 2735 est
444 2691 526 2757 quae
547 2692 621 2734 cum
641 2668 687 2734 ita
708 2667 791 2752 sint,
821 2691 951 2734 carmen
972 2693 1024 2752 m,
1057 2670 1145 2758 quod
1165 2693 1251 2736 anno

203 2786 319 2869 699155
339 2785 490 2873 scriptum
512 2795 576 2868 est,
608 2794 756 2850 uetumur
783 2785 829 2849 ita
858 2786 1048 2871 intellegere
1070 2796 1106 2852 ut
1127 2808 1166 2851 eo
1190 2786 1250 2853 Ca·

203 2905 304 2970 tullus
324 2904 461 2992 primum
482 2900 617 2969 Clodiae
638 2925 781 2968 amorem
800 2904 983 2981 renuntiet,
1005 2903 1128 2970 sedita
1150 2907 1251 2992 expli·

206 3043 281 3088 care
313 3021 461 3087 iubemur
490 3027 527 3085 ut
556 3041 654 3106 supra
683 3044 714 3107 p.
747 3018 807 3084 129
835 3018 979 3085 fecimus.
1035 3042 1120 3085 anno
1150 3021 1251 3108 igitur

204 3138 333 3220 696158,
355 3147 391 3203 ut
411 3136 521 3225 paullo
544 3146 619 3202 ante
643 3134 915 3221 significabamus,
939 3134 1084 3203 Catullus
1106 3136 1251 3204 Clodiam

205 3257 348 3322 deseruit
380 3279 388 3320 ε
418 3256 471 3321 cui
502 3253 679 3320 sententiae
714 3252 866 3341 praesidii
897 3254 1028 3342 insuper
1061 3254 1182 3344 aliquid
1213 3277 1251 3320 eo

205 3373 330 3440 accedit
357 3382 392 3438 ut
418 3372 452 3438 in
481 3371 676 3439 carminibus
706 3370 746 3436 ad
768 3372 831 3437 iter
853 3371 1060 3460 Bithynicum
1084 3370 1252 3459 spectanti-

204 3491 267 3557 bus
288 3491 426 3557 Lesbiae
457 3491 547 3556 nulla
574 3489 703 3556 omuino
733 3490 855 3555 mentio
885 3489 972 3555 facta
992 3489 1042 3555 sit.
1085 3489 1252 3578 probabile

204 3610 306 3697 igitur
327 3608 419 3675 nobis
440 3609 546 3674 uisum
567 3616 615 3673 est
636 3615 779 3672 statuere
795 3603 960 3672 Catullum
976 3605 1122 3672 Clodiam
1143 3629 1252 3672 amare

204 3749 290 3794 anno
310 3725 424 3806 693161
449 3723 592 3811 coepisse
621 3733 655 3789 et
675 3747 704 3789 a.
727 3722 845 3801 696158
876 3721 1017 3788 desiisse.
1058 3721 1123 3788 iam
1151 3732 1253 3791 restat

205 3852 241 3908 ut
260 3843 462 3931 inquiramus
485 3863 549 3930 quo
571 3839 666 3907 modo
688 3862 747 3926 per
768 3838 1014 3927 quadriennium
1034 3838 1112 3905 illud
1133 3839 1253 3905 uicissi-

205 3960 333 4025 tudines
363 3959 481 4023 amoris
512 3958 598 4023 illius
626 3958 736 4023 uariae
757 3956 822 4023 sint
844 3955 1091 4022 distribuendae.
1133 3956 1253 4022 dehac

207 4098 394 4165 quoquere
418 4098 531 4163 parum
554 4098 597 4142 ex
622 4075 705 4144 libro
728 4073 915 4142 Catulliano
945 4094 1141 4161 cognoscere
1167 4073 1251 4139 licet.

206 4193 361 4260 adnotare
398 4191 537 4259 sufficiat
568 4215 667 4280 supra
705 4214 764 4258 nos
802 4191 894 4258 annis
925 4190 1038 4268 693161
1073 4199 1105 4256 et
1135 4190 1252 4269 694160
