3342 5200
416 642 449 693 60
689 636 743 691 1111
777 636 826 691 DE
843 636 1022 691 suosmvs
1039 636 1193 689 curvum

415 804 558 871 iudicare
580 804 756 891 possimus,
787 804 849 870 nisi
869 814 966 871 antea
993 802 1034 869 de
1065 824 1176 870 amore
1195 824 1293 889 quem
1314 800 1466 869 Catullus

416 920 556 987 babebat
569 918 706 985 Lesbiae
721 920 856 1008 eiusque
873 919 1150 987 uicissitudinibns
1168 928 1265 1006 atque
1282 918 1323 984 de
1340 928 1466 1005 tempo·

417 1038 507 1104 ribus
521 1038 698 1105 carminum
712 1036 886 1103 multorum
901 1036 1053 1103 adcurate
1075 1037 1258 1123 expositum
1272 1037 1342 1102 erit.
1378 1058 1467 1123 quae

417 1155 443 1219 si
471 1154 535 1220 iam
565 1154 611 1219 ita
642 1176 792 1219 enarrare
822 1154 978 1219 nollemus
1003 1163 1042 1219 ut
1069 1153 1272 1220 coniecturae
1303 1152 1467 1241 quamde

417 1270 537 1339 Lesbia
566 1270 765 1337 notissimam
794 1294 864 1336 esse
891 1271 986 1337 nobis
1034 1270 1271 1357 persuasimus,
1304 1270 1467 1334 rationem

417 1412 483 1455 non
505 1389 709 1472 haberemus,
740 1398 856 1475 postea
875 1410 950 1454 enm
971 1410 1009 1453 eo
1030 1388 1230 1455 uenissemus
1250 1397 1288 1453 ut
1308 1388 1356 1452 eis
1378 1409 1467 1473 quae

418 1506 579 1573 amoribus
608 1516 641 1573 et
668 1506 846 1573 carminum
873 1504 1073 1592 temporibus
1110 1504 1323 1571 consideratis
1357 1503 1468 1569 edocti

418 1644 575 1705 essemus,
611 1622 653 1687 ad
684 1624 904 1689 coniecturam
934 1621 1023 1687 iilam
1051 1622 1250 1708 probandam
1287 1632 1468 1699 uteremur,

418 1738 577 1827 permulta
611 1741 700 1827 prins
734 1738 905 1806 inlustrata
939 1749 995 1805 aut
1031 1740 1162 1805 omnino
1191 1749 1246 1803 ant
1275 1760 1395 1824 magna
1422 1760 1468 1803 ex

418 1868 512 1943 parte
538 1857 656 1923 iterum
682 1856 964 1923 commemoranda
994 1856 1087 1923 nobis
1114 1866 1231 1921 essent.
1271 1878 1352 1943 quas
1372 1877 1469 1942 repe·

418 1974 547 2041 titiones
578 1976 721 2063 ingratas
751 1984 784 2040 et
810 1975 964 2040 molestas
994 1986 1031 2039 nt
1059 1972 1236 2055 enitemur,
1272 1994 1335 2059 age
1365 1993 1468 2058 pona-

419 2113 490 2157 mus
509 2093 710 2179 probandum
731 2092 795 2157 iam
818 2114 889 2157 esse
908 2094 1080 2180 probatum
1091 2141 1101 2175 ,
1136 2101 1236 2179 atquc
1255 2088 1470 2155 adfirmantes

420 2206 567 2275 Clodiam
594 2210 856 2297 quadrantariam
878 2233 897 2275 a
919 2210 1047 2277 Catullo
1068 2208 1207 2274 Lesbiae
1238 2206 1369 2272 nomine
1388 2207 1470 2273 ficto

418 2325 631 2414 significatam
654 2350 725 2393 esse
742 2348 928 2394 enarremus
944 2348 1167 2414 quaecumque
1182 2326 1222 2391 de
1236 2323 1357 2392 Catulli
1379 2347 1470 2391 amo·

418 2444 507 2510 ribus
529 2466 571 2509 ex
592 2442 661 2509 eius
681 2443 763 2511 libro
786 2444 944 2510 declarari
964 2466 1058 2531 posse
1079 2445 1171 2509 nobis
1191 2442 1355 2508 uidentur.
1399 2463 1469 2530 quo

418 2561 505 2627 sacto
521 2562 562 2628 ab
574 2584 638 2628 uno
654 2582 783 2650 quoque
797 2561 1029 2627 harnmrerum
1042 2560 1147 2648 perito
1162 2560 1283 2628 arbitro
1296 2569 1330 2626 et
1345 2558 1470 2625 intelle·

419 2680 509 2767 genti
531 2680 668 2746 discerni
682 2678 831 2744 facillime
845 2680 966 2766 poterit
979 2688 1086 2744 utrum
1108 2700 1166 2743 nos
1188 2687 1275 2744 recte
1291 2675 1331 2741 de
1346 2677 1472 2742 Lesbia

418 2800 624 2865 statuerimus
652 2820 693 2862 an
720 2818 794 2885 spes
818 2797 861 2862 sit
889 2798 960 2863 fore
987 2805 1023 2861 nt
1052 2795 1115 2863 alia
1144 2795 1271 2861 ratione
1292 2793 1371 2858 inita
1393 2792 1470 2879 plus

419 2917 480 2981 hac
501 2914 534 2980 in
555 2938 590 2980 re
611 2913 807 3001 proficiatur.
