3342 5200
412 652 446 703 48
551 649 578 700 Π
611 648 661 700 DE
678 648 782 701 sume
797 646 933 700 usum
949 647 996 699 ΕΤ
1011 643 1145 699 nsum
1161 643 1322 700 esuum

412 817 543 883 iecerim
571 814 736 883 Catullum
763 815 840 882 tabe
867 815 1007 903 quadem
1033 814 1121 880 lents
1150 814 1364 900 absumptum
1384 832 1461 878 ema

413 934 615 1001 adcuratiors
644 934 685 999 de
715 934 828 999 mortis
857 931 975 998 Catulli
1004 949 1151 1018 tempore
1179 931 1249 994 erni
1281 938 1460 1018 nequeunt

413 1050 508 1116 etiam
529 1053 628 1118 uerba
649 1073 732 1138 quae
753 1049 787 1114 in
809 1047 951 1115 Cornelii
973 1048 1111 1135 Nepotis
1132 1046 1200 1112 uita
1221 1046 1326 1112 Attici
1349 1047 1407 1131 (12
1425 1047 1460 1125 4)

413 1168 564 1255 leguntur
597 1168 695 1250 hoec,
731 1168 812 1233 idem
844 1167 885 1232 L.
922 1166 1041 1231 Iulium
1074 1164 1235 1239 (lotidem,
1272 1186 1361 1250 quem
1390 1175 1462 1248 post

413 1285 552 1349 Lucretii
581 1284 751 1370 Catullique
782 1296 906 1350 mortem
933 1285 1024 1348 multo
1051 1282 1311 1367 elspaatisss‘mum
1337 1291 1460 1366 ροάαιιι

412 1414 544 1467 nostram
565 1402 667 1465 tulisse
687 1413 813 1466 oetatem
833 1423 904 1465 uere
923 1399 1035 1465 uideor
1053 1422 1145 1484 posse
1166 1399 1343 1463 contendere
1363 1418 1459 1483 neque

412 1520 514 1582 miuus
545 1518 645 1583 uirum
681 1518 789 1584 ὁοιιιιιιι
823 1519 1005 1604 optimisque
1040 1516 1157 1581 omine
1185 1516 1354 1596 auditam,
1395 1524 1461 1598 post

408 1636 660 1719 proscriptionem
698 1633 834 1720 equitum
877 1682 885 1698 .
936 1683 943 1697 .
993 1638 1023 1698 ia
1063 1632 1303 1718 proscriptorum
1351 1651 1460 1696 nume·

411 1773 480 1814 ram
523 1799 530 1815 .
575 1800 582 1814 .
624 1750 775 1815 absentem
803 1750 937 1815 relatum
971 1750 1145 1836 expedierit,
1180 1750 1214 1816 in
1249 1747 1311 1813 hac
1341 1746 1460 1836 disqui-

412 1866 528 1933 sitione
570 1866 689 1930 nnllius
734 1888 839 1953 paene
881 1868 1035 1932 momenti
1078 1888 1150 1932 esse
1183 1876 1342 1954 possunt,
1386 1888 1460 1932 cum

412 1983 525 2071 Nepos
552 1982 608 2048 illa
635 1981 763 2049 circiter
790 2005 909 2048 annum
941 1983 1058 2061 720134
1087 1983 1255 2072 scripserit
1291 1983 1349 2068 (ct.
1378 1983 1459 2071 Nip-

412 2099 522 2188 perdei
543 2100 776 2188 prolegomena
795 2100 838 2165 sd
858 2101 1022 2189 Nepotem
1036 2124 1069 2188 p.
1091 2103 1170 2185 xm).
1213 2122 1314 2166 unum
1336 2099 1458 2166 addere

411 2216 501 2285 lubet
521 2216 704 2305 Nepotem,
726 2240 800 2283 cum
820 2216 964 2285 Lucretii
985 2217 1169 2304 Catullique
1189 2217 1303 2283 mortis
1324 2218 1459 2284 mentio-

412 2358 484 2399 nem
499 2336 629 2416 laeeret,
650 2334 779 2401 nomina
793 2336 839 2400 ita
853 2335 1074 2400 conlocauisse
1087 2344 1124 2401 ut
1141 2335 1296 2424 temporis
1310 2335 1459 2400 ordinem

412 2474 478 2517 non
505 2452 701 2539 neglegeret.
743 2449 930 2517 Lucretium
959 2454 1043 2517 enim
1075 2474 1140 2517 non
1168 2451 1269 2518 multo
1298 2462 1377 2517 snte
1399 2450 1459 2519 Oa·

413 2566 526 2634 tullum
548 2592 630 2634 enno
653 2568 770 2647 699156
790 2591 831 2634 ex
854 2568 923 2634 uita
944 2566 1121 2635 decessisse
1142 2575 1279 2634 constat.

493 2687 564 2751 Iam
595 2709 708 2753 caussa
734 2687 919 2774 quaerenda
954 2695 1003 2751 est
1038 2709 1102 2775 qua
1133 2694 1240 2750 motus
1266 2684 1321 2750 uel
1350 2683 1459 2771 potins

413 2802 563 2868 seductus
611 2803 829 2892 Hieronymus
879 2802 1045 2869 errauerit.
1102 2811 1199 2888 atque
1246 2801 1458 2868 Lachmanno

413 2917 622 3009 Hauptioque
644 2943 717 2985 cum
738 2941 839 3007 usque
860 2919 902 2983 ad
921 2918 1085 2985 Vatinium
1107 2918 1271 2984 consulem
1292 2913 1458 2983 Catullum

413 3034 446 3099 in
474 3034 558 3100 uiuis
586 3037 686 3101 fuisse
713 3035 774 3102 sibi
806 3036 1061 3122 persuasissent,
1102 3033 1223 3124 aliquid
1258 3034 1458 3124 inuestigan-

413 3148 487 3215 dum
514 3151 575 3216 fuit
605 3175 669 3239 quo
698 3151 810 3217 decem
842 3174 999 3217 annorum
1028 3175 1117 3218 error
1143 3150 1336 3240 Hieronymi
1358 3151 1459 3241 expli·

413 3278 547 3334 caretur.
591 3268 677 3356 quod
697 3267 925 3334 Lachmannus
947 3270 1009 3335 sibi
1029 3269 1118 3334 uisus
1140 3267 1243 3334 estin
1262 3267 1457 3356 Hieronymi

413 3383 599 3449 confusione
628 3384 763 3449 duorum
793 3385 959 3450 consulum
981 3384 1207 3472 cognominum
1229 3384 1393 3450 inuenisse
1414 3385 1457 3452 al-

410 3498 510 3562 terins
534 3495 594 3564 On.
617 3496 749 3565 Octauii
772 3498 832 3567 On.
855 3500 878 3565 f.
901 3498 960 3566 Cn.
982 3523 1035 3583 n.,
1067 3500 1123 3587 qui
1144 3524 1217 3566 cum
1238 3501 1278 3567 L.
1301 3500 1455 3569 Cornelio

410 3612 449 3678 L.
471 3613 491 3677 f.
513 3615 551 3679 L.
574 3638 606 3679 n.
627 3614 734 3682 Oinna
755 3639 783 3680 a.
805 3616 920 3694 667187
942 3617 1053 3682 consul
1073 3618 1149 3702 fuit,
1174 3641 1246 3683 eum
1268 3619 1370 3686 altero
1393 3619 1456 3688 Gn.

410 3727 549 3796 Octauio
577 3730 623 3796 M.
644 3732 666 3797 f.
689 3729 748 3798 On.
777 3757 824 3815 n.,
855 3735 911 3820 qui
939 3757 1023 3800 enno
1045 3735 1162 3812 678176
1185 3733 1223 3802 O.
1249 3735 1456 3803 Scribonium

412 3842 491 3913 0.f.
522 3845 696 3914 Curionem
728 3849 896 3935 conlegam
916 3851 949 3916 in
979 3853 1148 3917 consulatu
1176 3850 1298 3920 habuit
1341 3853 1456 3920 Hiero-

409 3984 543 4048 nymum
564 3965 649 4029 enim
669 3975 807 4053 poetam,
829 3987 925 4051 quem
947 3966 1007 4034 Cn.
1029 3968 1167 4035 Octauio
1188 3967 1234 4034 M.
1256 3970 1280 4035 f.
1308 3968 1347 4036 C.
1369 3969 1457 4038 Scri-

409 4080 506 4147 bonio
538 4081 680 4148 Curione
712 4104 792 4148 coss.
825 4082 858 4147 h.
886 4106 914 4149 e.
945 4106 1031 4149 anno
1058 4085 1175 4161 678176
1203 4095 1315 4153 natum
1346 4086 1456 4155 dicere

409 4197 583 4281 debuisset,
603 4198 685 4266 falso
700 4198 855 4265 decennio
876 4200 964 4288 prius
983 4224 1068 4267 anno
1090 4202 1204 4280 667187
1228 4202 1289 4269 On.
1312 4203 1455 4272 Octauio
