3342 5200
506 655 588 706 Vllll
622 655 669 705 DE
687 654 845 707 CAESARE
862 655 909 705 ET
926 654 1156 707 causamme
1312 660 1359 707 221

315 814 421 884 ‘hodie
443 842 571 907 quoque
599 820 663 885 duc
685 820 789 886 eidem
816 843 890 886 cum
912 821 1024 902 Mucia
1049 844 1117 886 rem
1145 822 1265 887 habere
1293 844 1362 910 per-

316 932 431 1023 gunt'?
451 959 592 1025 namque
606 960 690 1004 anno
706 939 822 1015 699s55
834 939 956 1004 Caesar
971 950 1004 1004 et
1013 940 1178 1004 Mamurra
1193 939 1247 1023 (cf.
1265 962 1362 1025 supra

315 1076 345 1141 p.
370 1054 447 1138 187)
469 1055 502 1119 in
525 1054 632 1121 Gallia
659 1065 692 1120 et
717 1056 886 1122 Britannia
912 1055 1124 1122 bellauerunt.
1167 1078 1231 1143 quo
1261 1057 1362 1140 igitur

315 1170 412 1236 modo
434 1170 583 1237 Catullus
606 1171 778 1238 Caesarem
809 1182 842 1238 ct
863 1173 1061 1239 Mamurram
1083 1174 1190 1238 Roma
1212 1173 1361 1238 absentes

315 1289 469 1354 mansisse
505 1290 667 1355 adulteros
703 1312 787 1356 auno
823 1290 940 1367 699s55
975 1290 1081 1355 dicere
1119 1287 1253 1375 potuit?
1300 1289 1362 1353 hoc

316 1406 393 1470 satis
415 1406 601 1493 simpliciter
629 1407 785 1495 explicari
816 1429 911 1497 posse
940 1418 1031 1496 puto.
1073 1406 1175 1473 uerba
1201 1406 1285 1470 enim
1306 1404 1361 1471 illa

315 1542 381 1587 non
411 1522 506 1588 nimis
537 1524 778 1611 interpretando
808 1527 983 1611 premenda
1012 1534 1103 1607 sunt,
1134 1523 1253 1609 quippe
1284 1545 1361 1608 quo·

314 1660 386 1703 rum
407 1661 519 1705 sensus
539 1641 635 1706 latius
657 1649 776 1728 pateat.
830 1643 948 1708 etenim
968 1665 1026 1729 pro
1049 1641 1174 1708 duobus
1196 1639 1361 1722 adulteris,

315 1757 430 1843 quibus
463 1755 538 1821 clim
567 1757 718 1839 fauisset‚
752 1759 895 1824 Muciam
925 1768 994 1823 tum
1030 1759 1093 1824 duo
1128 1758 1217 1823 milia
1251 1779 1360 1822 secum

314 1874 472 1957 habuisse,
495 1874 555 1938 hoc
578 1884 627 1939 cst
648 1874 739 1962 quod
757 1887 855 1962 poeta
873 1875 1013 1941 maxims
1034 1899 1105 1941 cum
1121 1875 1154 1940 ui
1171 1874 1204 1940 in
1216 1876 1277 1939 hoc
1293 1898 1359 1939 car-

313 1990 398 2055 mine
420 1991 527 2077 eloqui
549 1992 628 2056 uult.
677 1993 789 2079 itaque
813 1991 892 2058 illud
919 2005 1095 2057 manserunt
1122 1992 1184 2057 dac
1209 1990 1290 2056 nihil
1318 1991 1359 2057 ad

313 2130 381 2171 rem
395 2108 608 2195 principalem
620 2110 788 2174 conferens
802 2108 836 2173 in
850 2108 986 2174 transitu
1002 2110 1105 2174 solum
1116 2117 1212 2195 poeta
1226 2105 1358 2188 addidit,

312 2232 409 2311 atqua
430 2226 534 2311 magis
555 2226 589 2290 iu
610 2224 794 2290 uniuersum
817 2224 858 2291 ad
879 2224 1142 2291 consuetudinem
1157 2222 1359 2289 adulterandi

312 2363 409 2428 quam
431 2341 472 2407 ad
494 2340 622 2406 Muciae
642 2341 834 2408 adulterium
856 2342 967 2408 referri
988 2340 1100 2424 uoluit,
1120 2342 1213 2429 quasi
1230 2342 1359 2428 nequis

313 2456 394 2523 duos
423 2457 495 2523 illos
524 2458 685 2524 adulteros
712 2458 849 2524 afoeda
870 2482 929 2526 sua
955 2458 1185 2524 consuetudine
1212 2457 1359 2528 crederet

311 2597 464 2664 umquam
494 2576 696 2643 abstinuisse.
740 2577 795 2666 qui
817 2600 882 2666 quc
904 2576 1010 2665 magis
1031 2574 1228 2643 insatiabiles
1249 2576 1282 2641 in
1304 2598 1358 2641 ex-

311 2810 471 2875 uocabula
490 2808 545 2874 illa
565 2811 707 2876 inserere
729 2810 845 2896 potuit.
1342 2823 1362 2869 l

393 2927 423 2992 Ε
445 2927 638 2993 carminibus
666 2927 711 2993 cis
740 2927 857 3014 quibus
880 2926 1028 2994 Catullus
1049 2926 1223 2993 Caesarem
1252 2927 1357 3014 ipsum

311 3043 482 3129 adgressus
504 3054 553 3109 est
574 3068 673 3110 unum
694 3046 854 3133 reliquum
883 3054 931 3110 est
959 3055 995 3111 ut
1023 3045 1238 3132 explicemus,
1267 3043 1357 3131 quin·

311 3162 534 3249 quagesimum
555 3172 716 3248 quartum.
759 3184 824 3248 quc
847 3163 886 3228 de
908 3161 1048 3228 carmine
1070 3162 1169 3248 digna
1184 3169 1259 3226 sunt
1273 3183 1357 3248 quae

310 3277 497 3345 adserantur
518 3278 636 3343 Mureti
664 3280 765 3344 uerba
793 3279 874 3343 hacc
895 3301 903 3342 z
924 3279 979 3343 hos
1006 3278 1131 3365 quidem
1158 3301 1267 3344 uersus
1287 3271 1361 3342 ‘nasi

311 3390 438 3480 Sibylla’
471 3408 504 3460 ut
535 3398 584 3460 a'lle
619 3397 666 3460 ait
699 3394 785 3480 apud
822 3395 972 3460 Plautum
999 3371 1179 3460 'Pseudolus
1214 3397 1266 3479 (u.
1295 3393 1356 3479 25)

308 3506 442 3599 tdepcrit,
474 3514 674 3597 raterpretarr’
697 3515 787 3577 udum
815 3537 905 3598 possa
931 3536 1000 3577 rear
1029 3506 1197 3578 aeminem'.
1239 3516 1357 3576 omnmo

311 3641 423 3694 constat
435 3639 620 3716 jrapmerrta
642 3652 703 3695 esse
724 3631 919 3695 diuersorum
940 3632 1210 3717 cpiqrammatum,
1239 3630 1294 3693 sed
1315 3633 1358 3693 ite

309 3747 411 3810 lacera
431 3758 464 3810 ut
483 3771 543 3812 aaa
565 3769 687 3832 speram
704 3770 845 3833 amquam
861 3747 1043 3812 catellectum
1065 3748 1117 3812 iri.
1158 3759 1238 3810 uetat
1258 3759 1358 3810 autem

309 3861 515 3948 Hippocrates
536 3863 703 3950 desperatis
724 3864 866 3928 adlidere
883 3865 1072 3928 medicinam.
1116 3863 1261 3929 similiter
1275 3863 1357 3928 Tur·

308 3981 411 4047 nebus
440 3980 617 4065 (aduersar.
639 4005 694 4045 xxi
716 3981 772 4065 26)
800 3979 963 4046 iudicauit.
1005 3986 1104 4046 amam
1131 3980 1236 4069 inquit
1261 3982 1295 4046 in
1323 4004 1357 4046 ea

309 4098 526 4183 epiqrammate
546 4099 763 4162 obscurissima
791 4110 878 4180 suat,
909 4109 944 4162 al
969 4100 1026 4184 qai
1049 4099 1142 4163 lacem
1164 4103 1206 4163 eis
1227 4097 1358 4181 adferat

310 4212 498 4280 Cimmerias
526 4214 667 4280 tenebras
696 4216 859 4280 inlustrare
884 4216 1035 4296 refricatur.
1064 4249 1107 4260 -
1130 4213 1357 4281 Lachmaunus
