3342 5200
417 592 451 643 98
701 587 725 637 V
760 584 807 637 DE
825 582 1005 636 automata
1022 580 1176 634 curvum

412 754 514 842 petiit
558 774 667 842 neque
687 762 795 817 tamen
827 753 914 841 apud
936 750 1146 817 Rufinianum
1168 768 1285 812 nomen
1309 741 1466 810 orationis

413 871 506 937 adeat
528 870 614 935 unde
636 868 689 935 hic
716 870 900 956 exemplum
921 867 1000 933 illud
1022 864 1197 931 chleuaami
1217 871 1383 929 mutuatus
1406 870 1464 925 cet
1572 921 1573 940 χ

413 987 511 1052 etiam
542 984 715 1051 difficultas
747 985 908 1072 quaedam
937 993 987 1049 cat
1013 991 1108 1047 antea
1136 979 1333 1045 rcmouenda
1367 1000 1466 1066 quam
1573 1057 1574 1062 ἵ

413 1104 632 1189 iragmentum
673 1101 752 1167 illud
789 1100 926 1167 orationi
961 1101 995 1164 in
1036 1096 1185 1165 Clodium
1220 1107 1253 1163 et
1286 1094 1467 1162 Curionem

413 1218 544 1285 habitae
575 1218 759 1284 adtribuere
787 1217 872 1281 licet.
915 1216 996 1280 haec
1023 1214 1107 1280 enim
1137 1213 1224 1301 apud
1253 1212 1466 1278 Rufinianum

414 1338 576 1422 leguntur,
599 1335 789 1399 chleuoamur
804 1338 868 1397 eirca
882 1333 1116 1418 epicertomecis.
1154 1332 1230 1395 doec
1242 1330 1347 1416 fianc
1361 1329 1468 1393 riuum

415 1453 528 1516 ecca'tat
549 1464 577 1515 et
597 1472 701 1515 emere
713 1452 875 1535 proposita
894 1448 991 1534 uafre
1011 1450 1120 1513 excutit
1132 1449 1256 1512 eludent
1265 1469 1469 1532 personarum

415 1579 467 1631 out
495 1588 597 1631 retum
628 1567 896 1650 conparationem,
934 1578 967 1629 at
994 1567 1082 1650 apud
1115 1564 1279 1651 Verqilncm
1308 1562 1406 1645 (Aen.
1434 1585 1468 1625 xi

415 1683 500 1762 383)
521 1676 634 1767 ‘meque
655 1684 773 1746 timot-ie
799 1694 966 1768 arquata,
999 1676 1142 1745 Drance'.
1184 1682 1267 1765 apud
1287 1678 1470 1744 Ciceronem

414 1793 522 1885 ‘quaet'
539 1821 610 1863 uero
631 1822 686 1885 eqo
706 1800 743 1862 de
755 1799 850 1881 socie
870 1810 941 1875 tna,
971 1799 1127 1877 commate,
1160 1797 1291 1861 dc'aean'm
1312 1796 1365 1859 nel
1408 1796 1471 1859 liae

413 1917 545 2001 pontini
564 1917 801 1979 cenomanum
817 1913 931 1994 facere,
953 1916 987 1979 εἰ
1004 1915 1064 1979 oti
1079 1917 1134 1978 doc
1154 1913 1314 1978 Parmeno
1335 1912 1474 1997 adloqui

417 2032 488 2116 (per
511 2031 646 2116 cla‘qnem
668 2028 824 2117 Capper.)
854 2053 893 2093 uc
920 2053 984 2095 non
1011 2032 1080 2114 ipae
1107 2032 1263 2093 Parnaco
1283 2022 1470 2093 nunaueact'.

415 2148 480 2213 iam
502 2169 576 2213 oum
590 2146 675 2233 apud
691 2146 892 2212 Prisciauum
912 2170 944 2210 vr
959 2148 981 2210 5
994 2147 1036 2211 29
1050 2171 1080 2234 p.
1094 2147 1156 2211 221
1176 2146 1219 2211 H.
1235 2143 1473 2210 Fundanianae

416 2264 478 2327 hoc
510 2262 683 2327 frustulum
718 2272 832 2327 casune
860 2264 894 2325 id
923 2262 1008 2347 qnod
1037 2262 1131 2327 Meno
1166 2263 1340 2326 commanet
1368 2270 1472 2342 extet,

418 2376 559 2444 Orelliua
582 2400 623 2441 ex
645 2376 819 2443 Rufiniano
842 2379 876 2442 in
897 2376 1098 2443 Priscianum
1119 2381 1274 2442 Parmeno
1295 2400 1353 2463 pro
1375 2377 1474 2441 Mento

417 2494 558 2559 inferens
574 2494 606 2576 *)
636 2494 689 2575 (cf.
721 2516 826 2559 onom.
858 2494 943 2559 Tull.
973 2515 1003 2580 p.
1031 2494 1110 2575 442)
1140 2493 1291 2561 Nobbiua
1318 2491 1474 2558 Klotziua

419 2612 480 2676 eibi
501 2618 732 2698 persuaserunt
750 2610 858 2675 locum
879 2609 1046 2677 Ciceronis
1067 2633 1087 2675 a
1107 2609 1284 2676 Rufiniano
1305 2619 1475 2676 seruatum

418 2736 523 2792 totum
547 2747 587 2790 ex
602 2723 816 2790 Fundaniana
838 2747 908 2790 eece
929 2725 1145 2814 desumptum.
1189 2727 1247 2792 aad
1268 2727 1331 2792 hoe
1355 2749 1474 2813 parum

419 2853 506 2907 recte
525 2843 697 2906 fecerunt:
720 2862 918 2928 quamquam
940 2843 1026 2908 enim
1043 2842 1167 2909 Orellic
1189 2843 1225 2908 in
1245 2866 1284 2908 eo
1307 2844 1476 2908 adsentior

420 2957 506 3043 quod
528 2967 606 3045 puto
629 2965 754 3044 partem
777 2968 954 3023 extremam
976 2961 1207 3027 uocabulorum
1231 2982 1314 3046 quae
1329 2932 1507 3024 Rufinia·⁹

419 3094 478 3136 nus
499 3070 714 3140 Ciceroniana
735 3073 866 3138 exhibet
891 3095 932 3138 ex
947 3074 1160 3140 Fundaniana
1182 3085 1370 3164 excerptam
1391 3098 1477 3152 ease,

418 3197 524 3253 tamen
542 3211 617 3275 para
636 3189 725 3274 prior
740 3190 781 3253 ab
797 3190 853 3254 illa
864 3189 1047 3275 separanda
1059 3202 1118 3274 eat,
1134 3213 1194 3256 nec
1205 3192 1320 3258 dubito
1335 3192 1415 3279 quin
1431 3193 1478 3258 lo·

421 3325 477 3366 cua
492 3314 579 3368 totus
595 3326 615 3367 a
627 3305 743 3371 Beiero
758 3314 847 3370 recte
862 3307 904 3369 ait
917 3307 1176 3390 ita'emcndatua,
1193 3312 1283 3396 opud
1298 3308 1480 3376 Ciceronem

418 3411 526 3503 ‘quoae'
543 3443 616 3484 noro
630 3445 685 3507 eqo
701 3421 740 3486 de
753 3421 849 3506 sacia
869 3434 931 3504 tuo,
953 3430 1105 3510 caucana,
1127 3421 1282 3494 dt’cora'm’.
1323 3430 1376 3492 nel
1394 3428 1481 3492 alma

488 3755 515 3816 *t
533 3757 735 3809 Parmenontcm
752 3760 822 3812 hunc
842 3761 976 3828 quispiam
997 3764 1031 3814 ad
1048 3763 1110 3815 eiua
1126 3779 1224 3815 nomen
1241 3765 1375 3816 Graecum
1392 3769 1483 3834 raupi-

420 3847 493 3896 cicna
512 3854 538 3897 et
556 3848 728 3901 considerans
747 3868 780 3902 ex
805 3854 953 3918 fragmento
976 3853 1111 3905 Rufiniani
1134 3857 1239 3908 elucere
1263 3875 1323 3910 cum
1349 3862 1378 3910 in
1396 3862 1480 3928 purti-

420 3937 471 3988 bus
490 3939 622 3990 Fundanii
640 3942 848 3996 aduersariorum
874 3950 994 4011 statinae,
1023 3949 1167 3999 coniecerit
1192 3953 1306 4004 eundem
1332 3954 1419 4005 fuieec
1446 3971 1480 4006 ac

419 4035 512 4081 testem
524 4032 598 4081 illum
613 4049 699 4098 quem,
717 4039 841 4100 quoniam
854 4039 965 4101 primam
978 4039 1110 4090 Fundanii
1127 4044 1241 4094 nominis
1250 4045 1367 4098 litteram
1386 4048 1480 4099 dicere

416 4138 469 4173 non
487 4126 579 4190 potuit,
599 4125 692 4176 Cicero
709 4128 805 4191 inrisit,
824 4130 858 4180 cf.
876 4129 966 4193 Quint
983 4151 992 4183 1
1011 4139 1027 4184 t
1047 4139 1087 4184 14.
