3342 5200
366 715 443 770 vult
478 715 527 768 Did
545 715 704 770 CAESARE
721 717 768 768 m*
786 717 1014 773 causamme
1165 723 1213 775 set

166 886 208 952 ad
231 883 353 953 Catulli
374 885 572 971 singularem
594 885 825 974 proprietatem
849 885 1033 974 quandam,
1063 909 1148 976 quae
1175 889 1218 955 ad

165 1005 235 1070 eius
257 1003 381 1092 poesim
398 1001 638 1069 diiudicandum
653 1002 786 1070 maximi
808 1011 858 1070 est
877 1004 1050 1087 momenti,
1072 1005 1216 1072 animum

165 1120 334 1188 attendere
365 1119 646 1209 praetermisimus
698 1119 825 1208 saepius
858 1121 944 1186 enim
973 1120 1061 1187 illam
1093 1123 1214 1191 acerbi·

165 1249 265 1306 tatem
296 1247 331 1304 et
363 1237 462 1304 animi
494 1237 742 1305 amaritudinem
773 1238 1114 1317 commemoramus,
1149 1263 1214 1329 qua

166 1365 272 1422 motus
300 1354 468 1439 Catullus,
501 1377 573 1422 cum
606 1377 640 1420 sc
668 1355 711 1421 ab
739 1355 844 1420 amico
873 1357 1013 1444 quodam
1034 1358 1086 1422 uel
1109 1359 1213 1424 amica

102 1475 108 1492 ⁸
167 1451 348 1562 deceptum
360 1493 431 1538 esse
451 1481 644 1560 cognosset,
665 1493 732 1538 non
752 1481 819 1538 tam
840 1494 860 1537 a
879 1472 1010 1561 perfidis
1030 1473 1214 1541 hominibus

167 1611 200 1656 se
228 1610 384 1658 reuocare
416 1610 593 1678 eorumque
618 1587 841 1656 infidelitatem
863 1590 955 1679 queri
975 1601 1009 1656 et
1028 1590 1215 1679 uituperare
1270 1602 1277 1620 ⁴

166 1706 242 1774 satis
263 1706 392 1788 habuit,
421 1728 518 1793 quam
539 1714 706 1795 praeterea
726 1727 857 1794 operam
879 1707 968 1773 dedit
987 1720 1026 1774 ut
1045 1708 1122 1776 fidei
1142 1729 1214 1796 pro·

164 1825 281 1890 musae
311 1823 493 1912 proditores
533 1822 573 1890 de
612 1822 682 1890 aliis
715 1845 846 1912 quoque
876 1824 1075 1914 quibuslibet
1114 1826 1214 1892 rebus

163 1943 262 2031 idque
294 1962 408 2028 saepe,
429 1949 466 2006 ut
485 1937 629 2020 uidetur,
655 1937 682 2006 si
705 1962 768 2006 non
790 1962 924 2028 prorsus
945 1942 1081 2025 iniuste,
1102 1951 1212 2010 tamen

163 2057 313 2126 iniustius
335 2055 535 2123 contumeliis
556 2057 772 2124 acerbissimis
786 2068 936 2146 carperet
949 2083 989 2126 aa
1003 2059 1211 2125 deminueret

164 2183 362 2264 quapropter
379 2172 473 2239 sicuti
494 2173 528 2238 in
549 2171 713 2241 amoribus
733 2173 836 2240 iustos
857 2173 938 2240 fines
959 2175 1158 2260 sobrietatis,
1185 2175 1213 2242 si

163 2291 333 2380 quisunt,
358 2297 486 2379 poetam
508 2311 673 2377 egressum
696 2312 765 2356 esse
787 2315 886 2380 supra
912 2292 1068 2370 uidimus,
1101 2295 1147 2360 ita
1177 2292 1211 2358 in

161 2408 243 2476 odiis
267 2429 399 2498 quoque
420 2407 515 2496 plane
532 2406 746 2474 insatiabilem
767 2429 803 2474 ae
817 2408 928 2495 gessit
970 2433 1084 2476 nerum
1105 2422 1212 2477 tamen

161 2525 295 2592 difficile
330 2547 395 2590 non
430 2533 479 2591 est
511 2525 552 2589 ad
581 2523 702 2592 Catulli
733 2534 885 2591 naturam
917 2536 950 2592 et
980 2549 1086 2594 morea
1112 2529 1212 2616 respi-

161 2644 259 2711 cienti
293 2642 378 2710 illius
416 2640 638 2710 amaritudinis
674 2666 804 2710 causaas
839 2643 1011 2733 explicare
1065 2643 1212 2713 Catullus

161 2761 247 2829 enim
276 2758 374 2827 animi
403 2758 542 2826 candore
568 2770 636 2827 tam
663 2759 801 2849 simplici
830 2770 863 2827 et
883 2761 1072 2851 incorrupto
1092 2762 1154 2829 fuit
1174 2773 1211 2829 ut

161 2880 200 2946 de
219 2878 345 2946 insidiis
365 2888 398 2945 et
419 2877 560 2965 perfidiis
581 2879 614 2943 in
636 2876 785 2944 amicitiis
807 2879 861 2945 uel
883 2878 1045 2945 amoribus
1066 2882 1210 2947 commit·

161 2996 328 3063 tendisne
349 2996 508 3084 cogitaret
528 2995 669 3083 quidem.
712 2996 785 3061 ideo
816 2994 945 3083 saepius
971 2996 1090 3063 accidit
1110 3007 1147 3063 ut
1167 3000 1209 3065 ab

162 3115 206 3181 eis
238 3137 323 3203 quos
349 3123 386 3179 ut
412 3113 495 3182 fidos
523 3114 644 3179 amieos
673 3114 743 3179 sine
773 3112 841 3179 ulla
874 3113 1146 3201 tergiuersatione
1176 3115 1209 3181 in

161 3232 334 3299 amicitiam
367 3230 502 3298 candide
528 3240 711 3318 receperat,
746 3229 970 3298 fraudulenter
997 3230 1209 3321 deciperetur.

162 3350 247 3437 quod
262 3349 412 3439 quotiens
425 3349 547 3415 factum
559 3358 616 3433 est,
632 3346 752 3415 totiens
762 3357 859 3436 poeta
873 3371 938 3437 quo
953 3349 1058 3437 magis
1072 3372 1107 3415 se
1120 3348 1209 3437 pium

163 3476 193 3533 et
221 3468 363 3555 probum
393 3466 428 3532 in
458 3463 528 3532 illos
558 3488 592 3530 se
625 3466 764 3553 gessisse
792 3465 939 3531 conscius
967 3467 1028 3535 sibi
1055 3466 1116 3534 fuit
1128 3516 1138 3547 ,
1170 3490 1208 3534 eo

163 3581 384 3651 uehementius
406 3591 439 3648 et
460 3582 609 3665 saeuius,
631 3580 657 3647 si
678 3583 719 3649 de
740 3581 867 3649 illorum
894 3585 1039 3673 nequitia
1065 3594 1154 3652 recte
1175 3593 1210 3651 et

162 3701 255 3789 plene
276 3699 337 3767 sibi
358 3710 580 3790 persuaserat,
601 3699 650 3765 ira
673 3710 706 3767 ct
726 3700 800 3766 odio
822 3700 973 3769 incensus
991 3701 1124 3768 iniurias
1146 3702 1207 3769 sibi

162 3816 275 3885 inlatas
289 3817 403 3884 ulcisci
417 3817 549 3885 studuit
592 3816 694 3883 ueluti
709 3818 826 3884 acerba
841 3816 945 3885 Caelii
959 3818 1037 3885 Rufi
1050 3818 1208 3907 perfidiae

162 3936 192 4003 in
214 3936 359 4001 cumino
380 3954 495 4001 Lxxvu
516 3936 754 4024 uituperatione
775 3933 924 4003 Catullus
951 3959 1017 4001 non
1037 3946 1208 4003 contentus

162 4050 289 4139 insuper
310 4051 453 4118 carmina
475 4072 586 4119 nxvmr
608 4062 642 4118 et
663 4071 751 4118 uveni
774 4050 915 4117 confecit
936 4051 1054 4140 quibus
1076 4063 1209 4141 propter

162 4192 212 4237 res
245 4194 266 4237 a
300 4169 435 4256 perfidia
471 4170 528 4237 illa
563 4149 794 4237 alienissimos(
815 4166 952 4237 eundem
986 4169 1208 4239 insectaretur.

165 4287 274 4355 eadem
294 4287 419 4355 radone
439 4289 472 4356 in
503 4286 644 4357 Gellium
672 4296 771 4377 poeto
800 4308 835 4355 se
862 4287 977 4374 gessit,
1008 4309 1104 4375 quem
1133 4311 1207 4355 cum
