3342 5200
501 636 516 689 1
547 634 597 688 DE
612 634 808 689 nomme
825 632 981 689 cum!
1233 642 1265 693 2¹

301 802 503 869 inuenientes·
515 799 609 868 nobis
624 800 865 869 demonstrnsse
883 800 1035 869 uidemur
1051 800 1213 892 Sestigeri
1226 804 1269 872 de

213 920 429 1012 praenomine
460 916 582 987 Ootulii
614 918 808 986 senwntium
837 918 916 985 olim
944 918 1102 987 Venetori
1132 931 1165 987 et
1185 921 1270 988 Hor·

214 1037 316 1104 dnino
330 1035 512 1125 probatum,
535 1034 597 1119 eui,
613 1056 685 1101 enm
700 1056 721 1101 s
735 1034 947 1102 Loehmouno
960 1037 1057 1103 nouis
1069 1040 1269 1123 argumentis

215 1154 302 1221 suits
316 1174 388 1220 esee
402 1151 578 1234 uideretur,
593 1149 740 1238 Silligiue
756 1150 804 1235 (in
818 1150 926 1218 Ishnii
939 1153 1111 1221 ennsiibus
1122 1178 1176 1221 xor
1188 1155 1267 1240 284)

214 1268 393 1337 Puldumus
415 1268 574 1357 (depost.
589 1267 685 1335 Rom.
706 1276 843 1335 smetor.
864 1291 897 1357 p.
918 1268 976 1354 25)
997 1270 1160 1359 Hsuptius
1179 1270 1270 1339 Heu-

216 1386 291 1453 dius
313 1386 362 1471 (in
388 1407 499 1474 progr.
521 1384 650 1453 Ionem.
676 1408 708 1451 s.
731 1384 827 1470 1848)
859 1385 1043 1453 Pleitnerus
1069 1386 1269 1455 Froeliohius

213 1503 438 1571 Mommseuus
455 1500 542 1587 (hist
557 1502 655 1568 Rom.
673 1505 703 1568 ιη’
718 1501 794 1587 ote)
809 1501 1032 1569 Rouboohius
1045 1502 1268 1593 Iungolsusse·

213 1642 278 1687 nus
307 1620 364 1687 slii
392 1626 619 1703 secesserunt,
655 1618 866 1685 deserendam
891 1640 973 1685 osse.
1015 1620 1081 1687 ism
1108 1595 1311 1711 reliquum¹¹

214 1748 267 1805 eet
296 1746 334 1803 ut
354 1736 523 1803 nidesmos
551 1756 629 1802 num
651 1732 717 1803 Gai
738 1756 956 1823 praenomen,
988 1736 1076 1825 quod
1097 1736 1161 1803 uiri
1181 1737 1269 1805 doeti

214 1854 291 1921 olim
326 1863 444 1943 peetus
477 1851 659 1918 Veronensi
690 1851 834 1917 tribuere
871 1852 1041 1930 solebant,
1074 1853 1268 1921 testimomis

214 1970 403 2039 melioribus
424 1968 628 2036 defendetur.
672 1990 770 2056 supro
791 1969 858 2035 iem
878 1968 1044 2035 doeuimns
1065 1968 1214 2035 eodioum
1234 1970 1269 2035 in

214 2087 278 2153 hoe
310 2086 534 2175 disquisitione
563 2086 687 2151 nollem
717 2088 945 2153 auotoritstem
974 2106 1055 2153 esse.
1098 2108 1196 2175 quem
1225 2086 1268 2153 ob

214 2226 287 2272 rem
316 2204 343 2271 si
373 2204 461 2269 forte
492 2201 527 2269 in
557 2202 676 2269 oodioie
707 2202 748 2281 P,
781 2203 1007 2291 inscriptione,
1044 2225 1143 2293 quom
1172 2225 1205 2291 p.
1228 2204 1270 2270 14

214 2320 393 2407 deseripsi,
428 2320 623 2387 uocabulum
653 2318 720 2387 Oai.
748 2329 937 2408 corruptum
957 2320 991 2387 in
1018 2320 1080 2387 cm·
1096 2320 1268 2387 emenden-

213 2436 293 2504 duin
325 2445 429 2519 esset,
464 2436 544 2503 bueo
575 2436 672 2503 lentio
699 2446 810 2503 temen
839 2436 927 2503 omni
959 2435 1024 2503 fide
1050 2446 1185 2504 cureret.
1232 2447 1268 2505 st

214 2552 365 2640 Silligiue
396 2574 456 2642 pro
489 2554 551 2620 eut
580 2553 664 2622 bone
694 2552 763 2620 Vol.
796 2551 816 2618 i.
840 2574 870 2620 e.
910 2551 1025 2620 Valerii
1049 2551 1193 2622 restituit
1226 2576 1267 2622 eo

212 2671 441 2738 eondrmetum
473 2669 560 2760 quod
591 2671 795 2760 epigremms
825 2667 946 2738 cetum
979 2667 1064 2737 libro
1090 2669 1125 2736 in
1154 2671 1266 2739 oodioe

212 2789 277 2856 boo
297 2787 446 2876 proxime
467 2787 660 2854 enteoedens
684 2787 732 2856 its
759 2786 946 2854 inscribitur
965 2786 1155 2854 Heutr'etum
1182 2787 1267 2854 Oro·

212 2905 286 2972 rs'ne'
322 2905 499 2972 Veronensis
527 2905 673 2970 Οναιωὺ
702 2902 890 2972 θὼν-ἰαίνει·
916 2905 954 2970 in
985 2905 1115 2969 hiemen
1151 2903 1272 2971 Veteris·

214 3022 330 3090 omui
349 3027 411 3087 dns
431 3021 572 3105 σποδιή,
594 3021 636 3088 of.
660 3018 853 3090 Rouboohii
867 3041 977 3108 progr.
996 3019 1173 3087 Vtutieiuu.
1186 3042 1220 3108 p.
1234 3021 1266 3086 8.

212 3137 363 3206 similiter
382 3138 422 3205 de
441 3136 651 3226 inseriptione
671 3137 792 3205 oodioie
816 3136 1069 3224 Guelferbytsni
1090 3136 1119 3204 0
1140 3136 1193 3204 uel
1212 3137 1265 3221 65,

213 3255 252 3340 2,
286 3276 352 3344 qus
377 3252 565 3321 Hnsohkius
593 3255 690 3320 snoll.
718 3254 779 3322 litt
801 3277 832 3342 p.
853 3255 895 3320 47
917 3253 961 3321 sd
981 3253 1047 3322 Gsi
1067 3275 1266 3342 praenomen

213 3371 455 3440 defendendum
475 3371 630 3454 abutitur,
652 3393 704 3438 res
719 3395 754 3438 se
775 3372 885 3456 hebet,
907 3395 980 3438 eum
994 3394 1127 3460 prorsus
1140 3370 1266 3438 molem

215 3511 288 3556 eum
310 3511 381 3555 esee
403 3487 643 3555 edenretissime
660 3488 792 3576 probsri
806 3489 919 3578 possit
960 3513 1038 3556 num
1058 3511 1131 3555 oum
1146 3487 1267 3556 oodioie

215 3605 314 3672 huius
345 3604 468 3695 ubique
488 3603 790 3693 interpolationibus
811 3605 1008 3673 foedissimis
1027 3606 1187 3697 inquinati
1208 3609 1266 3693 (of.

215 3722 411 3790 Bossbuohii
433 3721 533 3812 praef.
553 3745 584 3811 p.
603 3724 674 3809 vm)
701 3723 814 3792 folium
836 3723 996 3812 primum,
1027 3724 1062 3792 in
1083 3747 1149 3815 quo
1177 3748 1268 3814 pruo-

214 3849 266 3907 ter
300 3839 429 3906 titulum
464 3841 607 3906 dormine
641 3839 704 3907 tris
738 3839 848 3929 priore
883 3841 1005 3930 seripto
1037 3852 1147 3925 mont,
1191 3840 1267 3906 oiim

215 3957 371 4024 emissum
402 3981 422 4023 e
453 3979 551 4024 msuu
581 3957 704 4024 reeenti
737 3957 920 4046 suppletum
957 3959 1000 4024 eit
1030 3959 1085 4043 (of.
1117 3955 1267 4043 Silligius

214 4073 285 4140 ie.
307 4095 339 4162 p.
360 4057 458 4158 262),
491 4095 585 4140 nemo
614 4075 676 4141 orit
704 4074 760 4163 qui
786 4074 987 4163 praenomini
1016 4075 1094 4158 Oui,
1125 4075 1213 4162 quod
1233 4073 1267 4139 in
1357 4065 1363 4073 ’

215 4190 309 4260 titulo
343 4191 448 4274 inest,
489 4190 586 4256 iidem
624 4189 751 4256 hebent.
806 4213 885 4256 num
924 4191 957 4256 in
997 4190 1068 4258 eliis
1102 4189 1267 4258 oodioibns
