3342 5200
508 678 585 731 vnn
617 679 666 730 Du
682 678 844 731 CAESARE
861 680 907 730 ΕΤ
924 677 1151 731 caesarianis
1304 682 1355 732 20⁶

461 845 598 911 secunda
617 849 736 932 praeda
759 846 892 911 Pontica
912 869 919 910 :
941 849 1007 911 inde
1027 848 1115 911 tertia

460 964 589 1038 Hibera,
611 987 703 1049 wem
724 968 779 1028 scit
798 964 899 1031 amna}
919 962 1043 1045 aurifer
1069 967 1176 1051 Tagus
1198 988 1209 1027 r

392 1103 421 1147 ao
460 1104 542 1146 nnnc
565 1081 686 1146 Gallica
707 1082 825 1146 timetur
846 1093 874 1145 et
892 1072 1092 1147 Britanniae.

458 1198 535 1283 qnid
553 1198 635 1262 hunc
657 1198 774 1263 maiam
787 1197 934 1284 fosetis?
954 1208 1009 1261 ant
1027 1197 1106 1283 quid
1125 1199 1173 1262 iic
1191 1209 1287 1283 potest

459 1316 528 1380 nisi
544 1328 637 1380 uncta
658 1317 803 1380 deuorare
821 1316 1030 1401 patrimonia?

311 1428 378 1497 Sed
409 1440 446 1496 ut
476 1442 551 1520 post
583 1431 814 1519 digressionem
835 1430 1013 1518 longiorem
1040 1432 1074 1496 in
1102 1432 1188 1497 uiam
1215 1431 1354 1514 redeam,

311 1547 352 1612 de
380 1546 529 1614 carminis
558 1571 666 1614 xxvnn
694 1560 840 1637 tempore
865 1572 905 1615 ne
932 1549 1034 1614 fusius
1063 1548 1282 1646 quaerendum
1304 1550 1355 1631 sit,

311 1665 459 1731 Mauricii
479 1666 617 1754 Hauptii
640 1666 781 1733 sollertia
803 1668 904 1733 otium
930 1667 1021 1748 fecit,
1052 1665 1108 1753 qui
1127 1663 1211 1732 hanc
1233 1689 1300 1732 rem
1322 1668 1355 1730 in
1478 1702 1481 1707 -

312 1782 534 1871 quaestionum
568 1782 820 1851 Catullianarum
855 1784 974 1872 pagina
1005 1785 1044 1849 16
1080 1793 1112 1850 et
1147 1782 1355 1872 sequentibus

310 1901 470 1967 tractauit
512 1900 589 1967 inde
617 1902 717 1989 igitur
746 1903 831 1990 quod
861 1902 1007 1968 Catullus
1034 1901 1232 1967 Mamurram
1261 1902 1307 1966 ait
1337 1924 1356 1966 a

310 2019 466 2106 Pompeio
489 2030 522 2086 et
543 2019 682 2085 Caesare
704 2019 807 2086 foueri
834 2019 890 2103 (ei.
918 2018 1019 2085 uerba
1044 2019 1124 2105 qaid
1143 2019 1224 2084 iano
1245 2018 1355 2083 maium

309 2134 437 2223 focati)
471 2137 604 2225 adparet
632 2159 762 2203 carmen
790 2147 865 2202 ante
894 2147 1039 2224 apertam
1066 2136 1234 2223 utriusque
1254 2134 1355 2199 inimi·

310 2254 418 2320 citiam
457 2255 612 2343 scriptum
647 2278 716 2320 esse
751 2280 759 2320 t
794 2277 869 2319 nam
904 2264 1018 2341 postea
1049 2254 1134 2319 inter
1169 2253 1355 2318 Mamurrae

309 2370 452 2438 fautores
488 2373 662 2459 Pompeius
697 2372 857 2437 nominari
898 2394 964 2435 non
1005 2371 1171 2458 potuisset.
1237 2369 1355 2435 deinde

311 2489 398 2578 quod
419 2511 440 2553 a
459 2482 589 2555 ‘socero’
610 2499 642 2556 et
662 2480 806 2577 ‘genero‘
826 2490 1022 2555 Mamurram
1043 2489 1148 2554 foueri
1169 2487 1261 2569 dixit,
1282 2510 1355 2552 con·

309 2608 413 2695 ligere
445 2609 522 2674 licet
554 2618 629 2674 ante
657 2609 776 2691 Iuliae,
805 2607 955 2675 Caesaris
986 2607 1072 2673 filiae
1103 2608 1237 2687 unicae,
1273 2627 1355 2694 qnae

309 2724 466 2812 Pompeio
488 2747 573 2792 anno
588 2726 705 2803 eaesae
722 2736 885 2812 nupserat,
907 2735 1053 2806 mortem,
1075 2724 1106 2790 h.
1121 2747 1150 2790 e.
1173 2734 1248 2788 ante
1269 2744 1355 2788 men-

311 2865 379 2908 sem
400 2841 624 2930 Septembrem
646 2844 721 2910 anni
743 2844 869 2927 700s54,
890 2843 945 2908 illa
965 2852 1093 2930 poetam
1113 2841 1298 2928 scripsisse,
1320 2850 1356 2906 ut

309 2969 385 3046 pote
414 2982 487 3024 cnm
515 2970 589 3048 post
616 2961 677 3027 hoc
702 2972 829 3050 tempus
853 2959 973 3028 Caesar
995 2970 1028 3027 et
1049 2959 1225 3046 Pompeius
1246 2958 1355 3025 adfini·

309 3086 376 3142 tate
408 3098 473 3142 non
505 3076 570 3143 iam
600 3077 760 3144 coniuncti
788 3077 916 3144 suerint.
959 3077 1108 3143 adfinitas
1136 3079 1220 3142 enim
1249 3076 1353 3140 matri-

308 3196 418 3260 monio
446 3195 603 3282 dirempto
625 3195 779 3261 Romanis
801 3196 957 3261 dissoluta
984 3195 1185 3260 uidebatur:
1206 3192 1240 3258 id
1269 3193 1355 3281 quod

308 3313 387 3379 locis
416 3322 466 3379 sat
492 3311 600 3379 multis
622 3323 768 3379 ueterum
793 3313 982 3400 scriptorum
1010 3313 1244 3399 conprobatur,
1274 3333 1355 3398 quos

310 3429 447 3498 Carolus
468 3429 615 3496 Halmius
636 3431 671 3495 in
696 3431 925 3497 commentario
946 3431 980 3494 in
995 3428 1159 3508 Ciceronis
1174 3428 1354 3495 Sestianam

309 3571 340 3635 p.
361 3548 404 3612 90
425 3547 574 3632 conlegit.
597 3549 630 3613 in
651 3547 761 3634 primis
784 3547 818 3612 hi
840 3546 931 3633 digni
949 3555 1024 3612 sunt
1037 3546 1093 3633 qui
1111 3555 1354 3634 conparentur:

309 3687 367 3752 pro
391 3663 498 3731 Sestio
520 3665 541 3730 3
562 3666 582 3730 6
603 3667 715 3730 ademit
736 3665 851 3729 Albino
880 3665 980 3730 soceri
1008 3687 1116 3729 noman
1143 3686 1227 3728 mora
1248 3663 1354 3749 filiae,

309 3782 367 3847 aad
397 3784 555 3848 caritatem
590 3783 674 3847 illias
705 3782 938 3846 necessitudinis
974 3791 1001 3845 et
1019 3781 1264 3849 annotantem
1297 3804 1355 3845 non

309 3901 428 3964 ndemr't
470 3899 509 3964 de
531 3908 659 3965 oratore
680 3921 689 3963 ι
712 3899 730 3961 'i
752 3898 795 3961 24
815 3898 937 3963 uenisse
957 3899 1075 3979 eodem,
1103 3920 1189 3962 socer
1217 3898 1280 3961 eina
1300 3898 1359 3983 qui

308 4015 428 4099 fuerat,
464 4016 502 4094 Q.
533 4015 653 4080 Mucius
679 4015 841 4079 dicebatur.
884 4037 943 4101 pro
971 4011 1121 4078 Cluentio
1144 4013 1184 4076 12
1204 4013 1245 4077 33
1272 4016 1358 4097 apud

310 4133 484 4215 Dinaeam,
513 4156 589 4220 qaae
619 4145 676 4196 tum
705 4138 733 4196 ci
751 4131 873 4197 mulieri
892 4130 1019 4215 (marito
1041 4131 1133 4212 uiuo)
1155 4153 1260 4195 socna
1281 4143 1354 4195 arnt.

310 4249 551 4318 concedendum
595 4248 725 4337 quidem
767 4249 849 4315 hanc
892 4248 1205 4335 argumentationem
1247 4249 1354 4313 certis-
