3342 5200
422 684 471 735 tle
721 680 746 732 V
779 679 828 733 DE
845 678 1026 735 moninus
1042 679 1197 735 cervum

422 869 489 936 quo
513 847 644 914 nomine
665 870 686 913 a
707 846 841 913 Valerio
861 845 1006 915 Maximo
1028 847 1229 935 designatur,
1249 868 1287 913 re
1306 868 1385 915 nera
1405 857 1473 914 tum

424 962 552 1032 Gellius
573 973 650 1031 erat.
692 963 803 1051 itaque
824 961 864 1029 L.
884 962 993 1031 Gellio
1013 964 1108 1053 patri,
1129 987 1226 1052 quem
1247 963 1333 1031 circa
1352 986 1474 1031 annum

422 1082 540 1149 aetatis
554 1080 899 1168 duodesexagesimum
919 1082 1055 1149 alteram
1075 1104 1212 1149 uxorem
1230 1081 1362 1149 duxbse
1375 1104 1475 1169 supra

424 1198 634 1285 conlegimus,
656 1219 685 1263 a.
701 1198 819 1275 saules
839 1199 1074 1286 octogesimum
1092 1199 1204 1287 agenti
1223 1222 1344 1266 annum
1366 1222 1473 1265 aemu-

421 1314 473 1381 lus
493 1313 692 1403 perniciosus
719 1314 752 1379 iu
780 1313 847 1381 filio
878 1313 1049 1382 libidinoso
1071 1315 1276 1399 admouerat,
1302 1316 1337 1381 in
1364 1338 1473 1403 quem,

422 1452 497 1497 cum
528 1440 677 1518 stuprum
709 1454 782 1497 cum
810 1441 915 1498 matre
941 1454 1000 1499 sua
1026 1432 1132 1498 lacere
1162 1432 1347 1516 uideretur,
1380 1442 1474 1521 pater

423 1549 647 1635 quaestionem
668 1571 688 1614 a
708 1546 840 1614 Valerio
854 1547 1003 1614 Maximo
1020 1548 1171 1613 traditam
1192 1548 1342 1614 instituit
1363 1558 1473 1613 utrum

422 1665 462 1731 L.
476 1662 603 1731 Gellius
624 1664 708 1729 filius
725 1685 827 1752 usque
848 1663 890 1729 ad
910 1663 1024 1729 incesti
1044 1663 1203 1751 flagitium
1216 1666 1411 1751 processerit
1429 1689 1473 1732 an

422 1780 557 1867 suspitio
572 1781 676 1869 patris
689 1780 773 1845 falsa
787 1780 895 1863 tuerit,
916 1780 950 1845 id
964 1780 1053 1869 quod
1060 1779 1209 1847 Valerius
1224 1780 1388 1847 Maximus
1402 1804 1473 1847 nur·

422 1906 483 1980 rat,
504 1905 618 1963 nostra
638 1897 719 1963 nihil
732 1896 868 1963 interest
881 1896 972 1961 scire.
1008 1897 1121 1962 eadem
1135 1896 1279 1985 suspitio,
1300 1898 1370 1963 siue
1383 1908 1474 1964 recta

423 2014 493 2079 siue
514 2013 596 2079 falsa
618 2024 697 2097 erat,
719 2036 783 2101 qua
804 2022 910 2079 motus
928 2012 1027 2081 Gellii
1041 2023 1133 2100 pater
1154 2014 1377 2100 quaestionem
1397 2038 1473 2080 con·

422 2129 484 2196 silii
507 2130 658 2197 senatorii
679 2130 712 2195 in
734 2130 835 2196 filium
856 2130 1010 2215 instituit,
1040 2128 1169 2197 Catullo
1191 2153 1322 2219 quoque
1344 2132 1473 2198 suffecit

420 2256 457 2313 ut
479 2246 675 2313 carminibus
704 2244 920 2313 acerbissimis
947 2246 1034 2311 idem
1054 2246 1213 2333 flagitium
1234 2248 1472 2335 castigantibus

420 2363 583 2431 hominem
614 2363 752 2429 Lesbiae
783 2362 989 2427 insidiantem
1019 2372 1275 2450 persequeretur.
1329 2373 1472 2431 ceterum

420 2480 569 2570 equidem
591 2480 631 2545 de
646 2478 745 2546 Gellii
765 2479 951 2545 innocentia
963 2478 1096 2544 Valerio
1107 2477 1253 2545 Maximo
1265 2480 1323 2545 uix
1337 2502 1471 2568 possum

421 2597 561 2681 credere,
583 2595 609 2662 si
624 2607 657 2664 et
671 2593 772 2664 Gellii
786 2619 893 2662 mores
908 2596 1181 2664 etauctoritatem
1197 2596 1319 2664 Valerii
1333 2587 1472 2663 Maximi

418 2713 519 2803 ipsius
551 2735 676 2779 mecum
709 2723 833 2801 reputo.
876 2737 953 2780 num
985 2737 1058 2780 eum
1091 2716 1147 2803 qui
1169 2714 1274 2782 Cassii
1303 2725 1336 2780 et
1365 2716 1470 2799 Bruti,

420 2831 538 2918 quibus
564 2830 667 2896 fidum
695 2831 839 2896 animum
866 2841 899 2897 et
920 2831 1064 2897 officium
1091 2831 1276 2914 simularat,
1307 2831 1396 2897 uitae
1425 2835 1472 2898 in·

419 2948 554 3014 sidietus
575 2956 624 3014 est
639 2956 672 3012 et
687 2968 884 3035 quamquam
901 2969 1026 3036 poenae
1047 2947 1236 3013 remissione
1253 2947 1302 3013 bis
1318 2947 1470 3014 inmerito

419 3074 553 3153 accepta
581 3073 690 3129 tamen
711 3063 854 3150 perfidus
882 3065 924 3130 ad
954 3064 1128 3131 Octauiani
1147 3074 1182 3130 et
1202 3064 1339 3131 Antonii
1359 3073 1470 3152 partes

418 3179 565 3263 transiit,
598 3180 783 3267 putabimus
810 3181 941 3246 omnino
968 3181 1174 3248 innocentem
1197 3181 1231 3246 in
1259 3181 1470 3268 suspitionem

420 3295 585 3382 parricidii
606 3304 639 3361 et
658 3295 803 3362 incestus
830 3296 969 3362 materni
996 3297 1157 3362 uenisse?
1200 3300 1350 3386 equidem
1371 3299 1469 3364 ualde

419 3411 452 3476 in
476 3433 546 3476 eam
568 3413 763 3478 senteutiam
785 3413 903 3479 inclino
924 3423 961 3478 ut
976 3413 1143 3480 Valerium
1163 3412 1355 3498 Maximum,
1377 3415 1470 3482 cuius

419 3527 499 3592 fides
525 3527 636 3594 multis
664 3529 698 3594 in
726 3529 822 3595 rebus
852 3529 947 3594 ualde
976 3530 1074 3596 dubia
1101 3541 1135 3596 et
1164 3543 1313 3619 suspecta
1335 3543 1403 3614 est,
1435 3534 1470 3597 in

418 3643 561 3711 fontibus
589 3646 655 3711 suis
681 3646 864 3733 repperisse
890 3646 928 3718 L.
950 3643 1095 3712 Gellium
1110 3729 1113 3732 ἦ
1127 3648 1291 3735 parricidii
1313 3659 1346 3714 et
1366 3649 1471 3737 stupri

419 3780 492 3824 cum
521 3783 664 3828 nouerca
695 3760 858 3828 commissi
886 3772 1071 3830 accusatum
1101 3786 1121 3827 a
1150 3765 1283 3831 consilio
1306 3767 1470 3833 senatorio

417 3875 592 3942 liberatum
619 3901 689 3944 esse
710 3889 807 3965 atque
828 3879 904 3945 inde
932 3900 990 3944 suo
1019 3880 1116 3946 modo
1145 3883 1234 3947 etin
1264 3885 1472 3950 commodum

423 4013 516 4056 suum
537 4015 606 4057 rem
621 3996 829 4061 exornauisse
844 4006 963 4084 putem.
1005 3998 1052 4062 rei
1066 4006 1173 4062 uutem
1188 3998 1392 4067 absolutione
1406 4001 1471 4067 illis

421 4109 620 4192 temporibus
652 4109 719 4174 eius
752 4111 971 4178 innocentiam
999 4115 1129 4179 minime
1162 4114 1294 4201 probari
1323 4117 1471 4203 potuisse

419 4244 483 4290 non
500 4233 548 4289 est
563 4226 648 4312 quod
664 4226 846 4294 adcuratius
861 4251 1047 4318 persequar.
1075 4240 1206 4317 praeter
1222 4233 1380 4300 incestum
1394 4255 1471 4300 cum
