3342 5200
681 1892 768 1977 ΙΠΙ

283 2126 337 2192 De
368 2125 531 2192 amoribus
558 2127 661 2214 igitur
687 2125 807 2194 Catulli
840 2125 1050 2209 disseramus,
1086 2135 1118 2193 et
1148 2126 1252 2216 primo

198 2242 332 2331 quidem
363 2244 434 2309 looo
463 2243 504 2308 de
538 2265 646 2310 amore
685 2266 780 2332 quem
809 2266 889 2331 erga
920 2242 1071 2310 Lesbiam
1104 2241 1252 2310 Catullus

197 2360 323 2426 habuit.
363 2361 443 2426 haee
465 2362 549 2426 enim
571 2383 636 2427 una
660 2360 721 2426 fuit
742 2360 868 2443 mulier,
901 2383 997 2449 quam
1023 2358 1172 2427 Catullus
1193 2383 1252 2449 par

197 2477 330 2565 longius
352 2476 513 2565 quoddam
544 2487 671 2568 tempus
699 2479 813 2545 intimo
835 2500 878 2543 ex
899 2476 1008 2543 animo
1029 2486 1063 2543 et
1082 2476 1251 2543 uehemen-

195 2594 322 2663 tissime
356 2593 478 2662 amauit
506 2619 514 2661 ι
544 2619 628 2684 quae
650 2619 764 2662 caussa
789 2593 852 2662 luit
879 2605 915 2662 ut
942 2617 985 2661 ex
1016 2594 1204 2662 mulieribus
1231 2617 1252 2661 a

197 2713 330 2780 Catullo
352 2713 466 2778 amatis
487 2735 552 2779 una
566 2712 686 2780 Lesbia
706 2735 824 2780 nomen
847 2723 880 2779 et
900 2714 1020 2780 famam
1037 2734 1247 2802 consequere

195 2842 261 2898 tur.
306 2831 388 2897 haeo
415 2841 537 2917 quauta
563 2829 660 2896 fuerit
682 2840 777 2897 etex
799 2829 961 2919 Propertii
981 2829 1127 2897 uersibus
1147 2829 1199 2895 hia
1219 2851 1249 2894 ιιι

194 2947 239 3013 33
260 2947 302 3012 87

296 3100 372 3164 loeo
392 3119 509 3184 quoque
524 3095 666 3182 perfecto
687 3095 809 3160 &dedat
828 3093 943 3162 Iasone
972 3096 1080 3179 Varro,

359 3214 456 3279 Varro
477 3212 659 3278 Leucadiae
680 3212 820 3278 maximo
832 3213 968 3300 flumme
988 3235 1075 3290 auos,

295 3333 372 3396 daeo
392 3353 508 3416 quoque
528 3327 646 3395 lasciui
663 3341 827 3396 cantarunt
846 3335 957 3416 soriano
979 3330 1102 3413 caum,

347 3447 463 3510 Lesbio
484 3451 550 3534 quia
571 3447 646 3532 ι’ρειι
668 3447 769 3513 notior
790 3459 836 3512 eat
856 3446 985 3513 Helena.

296 3563 372 3628 leaeo
394 3564 486 3628 etaiam
507 3563 592 3627 docti
610 3562 754 3649 confesso
776 3575 818 3628 eat
833 3565 957 3651 poqino
979 3562 1080 3647 Calui,

348 3702 413 3744 oum
435 3691 556 3744 conaret
577 3679 709 3746 maiorue
721 3679 850 3765 funera
873 3679 1052 3762 Quintilios,

195 3841 231 3898 et
253 3852 297 3896 ex
318 3828 389 3896 aliis
409 3839 579 3917 poetarum
606 3831 821 3919 posteriorum
850 3828 930 3896 louis
959 3831 1073 3898 elucet.
1101 3816 1142 3898 ot
1164 3831 1250 3900 Mar·

191 3949 281 4018 tialis
303 3947 576 4036 epigrammatum
599 3971 653 4013 ιιιιι
676 3947 716 4013 73
737 3947 758 4013 5

350 4098 478 4186 ΟιιιιιΙιία
500 4111 527 4163 ts
547 4109 646 4164 uatem
658 4098 750 4184 faed,
773 4099 887 4164 laeua
907 4099 1062 4185 Properti,

398 4215 551 4302 fouendum
573 4213 666 4286 Galli
680 4217 785 4305 pulcro
808 4215 941 4304 Lycoris
963 4227 1040 4285 erut.
