3342 5200
373 700 422 750 ⁸⁴8
667 695 743 748 xlm
781 697 829 749 DE
846 697 1004 750 cunutus
1021 697 1118 748 LXVI!

371 861 504 930 batione
525 862 673 929 institute
693 883 824 928 uenum
844 862 887 928 34
908 863 1025 928 Brixis
1047 861 1180 928 Veromo
1199 875 1298 928 meter
1317 876 1425 928 amato

370 1001 457 1046 ursos
484 977 614 1046 Catullo
643 978 820 1047 attribuere
848 978 989 1059 studuit,
1024 977 1082 1044 sed
1112 979 1253 1067 pessimo
1285 988 1424 1067 uterque

371 1105 501 1162 euentu.
537 1093 759 1162 Froeblichius
777 1093 861 1160 enim
874 1116 990 1160 uersus
1004 1093 1129 1161 29-35
1149 1093 1280 1163 Catullo
1302 1105 1336 1160 et
1351 1115 1424 1160 uer·

371 1235 441 1280 sum
467 1211 509 1278 36
537 1223 572 1278 et
603 1211 658 1301 qui
680 1221 832 1280 secuntur
861 1213 927 1295 (me
955 1233 1065 1277 errare
1094 1221 1152 1278 aut
1178 1211 1323 1278 cauillari
1353 1212 1424 1278 noli

371 1327 518 1413 credere)
546 1328 662 1394 ianuae
690 1326 875 1415 odsignauit
903 1328 960 1410 (ct.
982 1337 1154 1394 comment.
1176 1328 1267 1394 acad.
1291 1327 1422 1396 Monac

373 1467 396 1510 v
417 1467 449 1510 ru
469 1445 557 1530 262).
599 1443 819 1511 Rossbachius
841 1452 955 1510 contra
970 1444 1066 1510 sicuti
1081 1445 1114 1510 in
1129 1445 1238 1532 priore
1255 1445 1300 1532 (p.
1315 1446 1422 1529 xvmr)

370 1563 415 1628 its
442 1562 476 1628 in
509 1562 611 1627 ultera
640 1563 685 1650 (p.
715 1562 776 1645 xx)
809 1559 950 1626 editione
978 1581 1093 1626 uersus
1120 1560 1262 1626 29-40
1290 1559 1422 1628 Catullo

369 1687 403 1743 et
421 1677 561 1742 41-48
588 1677 701 1744 ianuae
732 1677 890 1744 attribuit
946 1698 1032 1766 quae
1062 1677 1145 1743 ratio
1179 1677 1267 1766 quud
1293 1678 1323 1742 ei
1353 1679 1422 1765 pla·

371 1813 447 1861 cere
478 1793 621 1883 potuerit
653 1793 731 1860 satis
767 1792 876 1859 mirari
911 1815 976 1859 uon
1007 1815 1147 1882 possum.
1203 1792 1305 1858 ueluti
1338 1794 1421 1860 scire

371 1909 470 1978 uelim
499 1931 564 1998 quo
592 1908 688 1976 modo
717 1909 952 1992 Rossbachius,
987 1909 1043 1997 qui
1071 1931 1200 1976 nemum
1220 1910 1263 1974 ὃὸ
1290 1910 1348 1975 scd
1380 1911 1421 1976 de

368 2029 523 2094 Postumio
557 2039 585 2091 et
617 2025 746 2093 Corneli
773 2038 882 2092 narret
911 2049 1016 2091 cruere
1046 2025 1209 2093 Catullum
1241 2026 1420 2093 arbitratur

369 2146 513 2210 locutum
534 2164 616 2222 esse,
637 2164 767 2210 uersum
788 2143 840 2226 43,
867 2163 964 2230 quem
985 2143 1082 2209 ianua
1103 2143 1257 2231 loquitur,
1278 2142 1421 2232 explicet

367 2263 488 2328 mesine
513 2261 661 2326 dicernens
687 2281 761 2346 quos
790 2261 988 2343 ds'oeimaa,
1020 2272 1053 2323 ut
1070 2268 1139 2345 pote
1159 2283 1238 2346 quoe
1260 2265 1319 2343 mi,
1352 2283 1419 2348 quo

367 2378 465 2444 ianm
486 2377 526 2443 ad
548 2376 677 2442 nomina
692 2375 851 2442 Postumii
865 2387 898 2441 et
912 2375 1055 2443 Cornelii
1076 2399 1097 2442 a
1117 2400 1152 2442 se
1173 2374 1243 2464 ipsa
1264 2379 1298 2443 iu
1318 2401 1418 2445 uersu

367 2495 410 2561 36
429 2493 594 2560 nominate
621 2503 788 2582 prouocat.
841 2502 1010 2581 praetem
1038 2514 1134 2580 quem
1166 2494 1281 2582 fugere
1310 2505 1419 2583 potest

368 2610 640 2679 enumerationem
662 2612 818 2677 scelerum
846 2611 887 2678 ab
908 2600 1012 2677 uxore
1031 2611 1291 2696 commissorum,
1321 2635 1419 2702 quam

367 2730 465 2796 ianua
494 2728 528 2795 in
557 2750 653 2795 uersu
677 2729 716 2793 19
741 2730 879 2815 primum
906 2730 1000 2815 tysim
1027 2728 1195 2795 instituere
1216 2731 1343 2818 coepit,
1375 2732 1418 2796 ab

367 2847 480 2914 eedem
495 2845 614 2934 ipsein
630 2868 725 2911 uersu
740 2846 778 2911 31
795 2848 886 2933 utqui
896 2870 956 2911 uon
970 2848 1064 2911 colum
1074 2848 1129 2911 tue
1141 2845 1244 2911 -scd
1256 2848 1293 2911 dc
1305 2848 1418 2911 Poem-

367 2966 430 3031 ms'o
460 2976 488 3029 ct
516 2962 645 3030 Gornels'
669 2974 702 3029 et
729 2963 761 3029 in
791 2985 888 3029 uersu
909 2964 951 3028 45
975 2973 1136 3049 praetem
1160 2962 1293 3028 addebat
1319 2963 1420 3028 conti·

368 3078 489 3147 nuari‘?
510 3091 654 3147 ceterum
668 3080 838 3167 uulgarem
852 3100 1005 3145 uersuum
1017 3079 1275 3146 distributionem
1286 3080 1419 3145 omnino

366 3196 567 3285 probandam
595 3218 664 3261 csse
685 3193 836 3283 equidem
866 3217 962 3283 nego.
1005 3195 1141 3262 offendit
1169 3195 1272 3261 oratic
1300 3195 1419 3262 innuas

367 3314 451 3379 iusto
478 3312 609 3401 longius
641 3312 828 3380 continuata
856 3322 891 3378 st
919 3312 994 3379 iude
1024 3334 1045 3377 a
1070 3311 1167 3379 uersu
1188 3312 1228 3377 31
1251 3334 1354 3401 usque
1377 3313 1418 3378 ad

367 3428 463 3495 finem
485 3427 635 3495 carminis
657 3428 744 3497 nulla
758 3429 876 3498 Catulli
897 3428 1143 3497 interlocutione
1164 3430 1346 3517 interrupta
1360 3454 1368 3495 :
1383 3430 1419 3495 in

367 3544 478 3635 primis
489 3546 623 3612 moleste
637 3557 685 3613 est
695 3545 863 3611 ferendum
878 3546 964 3634 quod
980 3547 1013 3612 iu
1026 3546 1172 3612 uersibus
1182 3548 1308 3613 37-40
1322 3548 1419 3615 ianua

368 3686 403 3731 se
415 3662 602 3750 adloquitur
616 3664 728 3751 ipsum.
759 3664 838 3751 quin
852 3685 967 3729 uersus
977 3664 1036 3729 hos
1047 3663 1253 3730 attribuimus
1263 3664 1419 3733 Catullo?

368 3780 456 3846 uiros
478 3780 589 3847 ductos
610 3780 747 3846 formula
778 3780 897 3845 demersi
916 3780 964 3845 lu'c
982 3782 1098 3867 aliqum
1118 3782 1161 3846 ab
1181 3780 1245 3848 hac
1266 3766 1418 3847 uersuum

368 3895 669 3982 distinguendorum
690 3896 816 3962 ratione
839 3894 1032 3962 detumuisse
1061 3896 1217 3962 uidetur:
1238 3906 1273 3962 at
1303 3898 1419 3985 opinor

366 4012 526 4079 inmerito.
569 4011 716 4080 Catullus
749 4012 962 4080 subdubitans
995 4012 1037 4078 de
1066 4012 1204 4080 ueritate
1235 4035 1342 4079 rerum
1371 4016 1418 4079 in·

368 4128 568 4197 credibilium
600 4152 680 4217 ques
712 4132 810 4199 ianua
841 4132 987 4198 namauit
1018 4130 1124 4197 alienu
1160 4130 1252 4218 quasi
1285 4131 1418 4198 nomine
