3342 5200
395 618 429 669 Μ
694 612 709 666 1
742 612 791 667 DE
807 610 1001 667 tuorumve
1019 612 1174 665 Cb'mlsl

395 779 562 846 Valeriam
583 778 673 845 illum
695 800 767 847 oum
789 780 827 846 L.
850 778 983 847 Valerio
1003 780 1083 845 iuris
1103 778 1260 857 consulto,
1281 778 1322 843 ad
1344 799 1442 867 quem

395 895 510 966 Cicero
543 896 714 984 epistulam
736 920 744 959 ι
768 896 808 963 10
834 894 923 962 misit
949 906 983 961 et
1010 916 1107 983 quern
1132 893 1165 959 in
1196 895 1289 982 epist.
1312 917 1344 959 ιιι
1375 894 1442 961 1’3

394 1012 503 1101 Appio
544 1012 681 1081 Claudio
720 1012 905 1100 proconsuli
946 1011 1203 1093 commendauit,
1256 1020 1440 1079 conectunt.

395 1130 515 1197 ete'nim
544 1152 618 1197 cum
647 1153 689 1196 ex
719 1129 864 1217 epistulis
884 1152 906 1195 a
924 1129 1033 1197 Tullio
1054 1130 1097 1195 ad
1123 1127 1314 1195 Trebatium
1341 1137 1375 1193 et
1400 1128 1440 1195 Ιι.

393 1248 561 1315 Valerium
595 1246 717 1321 missis
740 1256 913 1333 utrumque
953 1246 1108 1334 adpareat
1147 1245 1227 1311 iaris
1260 1244 1441 1311 consutum

397 1371 569 1448 utrumque
588 1384 661 1427 cnm
681 1360 840 1429 Cicerone
864 1360 978 1428 intima
995 1361 1215 1427 familiaritate
1234 1361 1443 1427 coniunctum

398 1488 570 1566 utrumque
601 1480 752 1544 iuuenem
782 1479 942 1559 iocosum,
973 1476 1113 1565 denique
1143 1486 1334 1565 utrumque,
1365 1499 1442 1543 cum

395 1595 507 1661 eodem
529 1602 675 1681 tempore
695 1592 727 1657 in
755 1592 930 1680 prouinciis
955 1592 997 1657 de
1018 1594 1088 1658 iure
1108 1593 1350 1660 consulentibus
1375 1615 1442 1661 res-

393 1710 572 1800 ponderet,
600 1710 668 1775 fere
688 1709 860 1797 aequalem
876 1711 978 1776 fnisse
988 1758 999 1792 ,
1031 1709 1215 1777 coniectura
1235 1711 1315 1777 satis
1335 1710 1442 1778 facilis

393 1851 432 1893 ae
453 1836 602 1915 prompta
622 1836 673 1893 est
693 1826 885 1894 Trebatium
904 1836 939 1892 et
959 1825 997 1892 L.
1012 1826 1179 1893 Valerium
1201 1826 1321 1893 amicos
1341 1826 1442 1894 flasse

394 1954 427 2010 et
457 1941 647 2009 Ciceronem
679 1942 713 2009 in
745 1943 883 2031 epistula
913 1943 968 2009 illa
997 1945 1037 2010 L.
1060 1943 1226 2009 Valerium
1255 1942 1336 2009 iuris
1366 1967 1443 2011 con·

394 2061 515 2126 sultam
537 2061 674 2127 amioum
690 2082 783 2125 suum
799 2070 832 2125 et
846 2059 991 2126 Trebatii
1006 2082 1285 2127 commemorasse.
1330 2060 1442 2148 quid‘l

393 2178 482 2265 quod
501 2198 604 2265 paene
626 2177 819 2243 coniecerim
842 2176 1018 2260 Valerium,
1040 2176 1096 2265 qui
1117 2177 1152 2241 in
1172 2177 1251 2241 iuris
1268 2177 1443 2265 prudentia

391 2316 505 2381 parum
518 2294 665 2381 profecit,
675 2293 753 2359 iuris
766 2293 960 2382 prudentiae
970 2292 1191 2381 anteposuisse
1203 2293 1444 2381 studiapoetioa

392 2433 413 2476 a
434 2408 593 2477 Cicerone
621 2410 654 2475 in
687 2410 824 2499 epistula
845 2410 902 2477 illa
923 2410 1114 2493 significata.
1156 2434 1221 2476 non
1244 2410 1346 2499 igitur
1364 2412 1443 2479 licet

393 2529 466 2593 loco
495 2527 653 2616 epistulae
681 2524 852 2592 Tullianae
880 2526 927 2592 uti
957 2536 994 2591 ut
1022 2527 1091 2592 eolo
1118 2527 1249 2592 nomine
1277 2528 1442 2615 gentilicio

393 2644 540 2712 Catullus
580 2645 760 2732 adpellatus
796 2667 868 2710 esse
901 2646 1066 2733 probetur.
1121 2666 1229 2730 neque
1267 2647 1443 2734 quicquam

392 2763 530 2829 Roberti
563 2760 690 2848 Vngeri
722 2761 763 2826 de
785 2761 1138 2850 valgioleufopm
1160 2762 1443 2829 amaricatione

392 2879 453 2944 bus
475 2878 516 2943 de
545 2878 667 2943 scholio
696 2876 738 2942 ad
764 2876 905 2963 Vergilii
933 2878 991 2943 ecl
1013 2901 1054 2942 vu
1075 2877 1118 2942 22
1138 2877 1320 2944 Veronensi
1347 2879 1443 2946 laetis

392 2995 600 3062 tribuendum
620 3004 686 3078 est,
716 2994 771 3082 qui
792 3004 902 3060 tamen
923 3016 955 3081 p.
976 2994 1147 3060 scolaces
1168 3017 1233 3062 non
1260 2995 1367 3062 nullos
1396 3006 1443 3062 at·

392 3111 474 3195 tulit,
495 3111 528 3176 in
550 3109 667 3198 quibus
688 3132 805 3177 nomen
826 3110 950 3177 Valerii
972 3111 1075 3176 solum
1096 3133 1155 3199 pre
1177 3111 1310 3178 Valerio
1324 3111 1443 3178 Flacco

394 3239 426 3294 et
447 3250 506 3317 pro
525 3228 656 3294 Valerio
678 3228 823 3293 Maximo
845 3226 1000 3316 scriptum
1020 3228 1191 3317 reperitur.

476 3345 563 3411 Satis
584 3345 686 3431 igitur
709 3355 897 3431 conpertum
918 3344 1073 3411 habemus
1095 3343 1260 3412 Catullum
1277 3343 1443 3412 eValeria

393 3469 491 3546 gente
513 3460 624 3526 fuisse.
666 3460 818 3527 Valeriae
833 3471 941 3528 autern
957 3461 1065 3548 gentis
1078 3484 1277 3550 quamquam
1296 3461 1443 3528 homines

393 3576 544 3666 permulti
566 3576 634 3642 noti
656 3578 751 3643 nobis
772 3588 865 3660 sunt,
892 3588 1002 3645 tamen
1022 3579 1128 3644 nullus
1150 3580 1301 3645 Valerius
1321 3580 1355 3644 in
1375 3601 1443 3644 mo·

392 3694 556 3760 numentis
585 3694 734 3760 litteratis
757 3695 979 3762 Romanorum
1000 3696 1135 3783 reperiri
1155 3705 1262 3782 potest
1283 3698 1340 3784 qui
1368 3719 1443 3763 oum

395 3809 524 3878 Catullo
546 3821 645 3898 poeta
672 3833 746 3876 eum
768 3813 903 3900 eiusque
923 3812 1046 3880 familia
1065 3812 1309 3901 propinquitate
1331 3813 1443 3901 aliqua

394 3927 582 3996 coniunctus
604 3928 712 4010 fuerit,
734 3930 925 4015 praesertim
947 3951 1021 3995 oum
1038 3951 1143 4017 pauca
1163 3939 1290 3996 tantum
1311 3930 1444 3998 nomina

393 4066 504 4112 eorum
520 4043 639 4134 quibus
653 4067 726 4110 oum
741 4043 870 4112 Catullo
885 4047 998 4112 eadem
1011 4044 1134 4112 familia
1146 4056 1228 4128 erat,
1241 4047 1283 4113 ad
1296 4055 1442 4112 nostram

392 4159 580 4230 memoriam
616 4162 833 4248 peruenerint.
888 4183 963 4230 nam
998 4160 1202 4232 Valeriorum
1237 4161 1442 4230 Catullorum
