3342 5200
189 633 269 684 XIlIl
299 631 347 684 Dll'
363 630 500 684 manto
518 629 711 694 TORQVATO
728 629 775 682 ΕΤ
792 629 890 682 wara
908 630 1158 683 avavuevnnts
1190 634 1241 683 tat

188 798 357 886 quaesitor
388 795 517 886 quidem
539 798 581 862 A.
603 795 790 882 Torquatus
816 819 902 864 auno
933 797 1051 876 tossen
1077 797 1140 863 fuit
1147 847 1156 880 ‚
1185 798 1242 864 sed

191 914 268 980 inde
292 923 474 1000 praetorem
500 935 574 978 eum
599 911 698 978 fuisse
724 923 847 980 temore
871 915 1081 981 concluditur.
1132 935 1242 1002 quam-

191 1053 289 1118 quam
318 1030 402 1096 enim
430 1052 527 1116 saepe
555 1039 719 1116 praetores
747 1032 803 1117 qui
831 1031 1076 1118 quaestionibus
1104 1031 1241 1118 publicis

191 1158 366 1236 praeerant
380 1147 599 1235 quaesitorum
619 1148 750 1214 nomine
765 1146 986 1234 designantur,
1007 1158 1115 1214 tamen
1136 1143 1241 1236 ‘quae-

184 1259 317 1346 sitores'
350 1263 479 1352 proprie
513 1274 673 1331 uocantur
709 1272 766 1330 aut
807 1263 974 1350 praesides
1016 1265 1240 1353 quaestionum

190 1391 287 1446 extra
323 1380 469 1446 ordinem
502 1381 723 1446 institutarum
758 1390 815 1446 aut
849 1379 973 1447 iudices
1006 1382 1241 1468 quaestionum,

192 1498 253 1563 hoc
275 1507 324 1562 est
345 1497 491 1562 homines
512 1496 631 1584 priuati
660 1495 715 1586 qui
738 1498 809 1564 loeo
831 1508 1018 1584 praetorum
1039 1500 1101 1564 rite
1121 1508 1242 1563 creato-

192 1635 264 1680 rum
295 1612 429 1700 singulis
458 1613 702 1700 quaestionibus
729 1616 911 1702 perpetuis,
943 1614 1061 1701 quibus
1090 1613 1242 1701 regendis

192 1751 344 1796 numerus
372 1740 560 1819 praetorum
587 1731 803 1818 legitimorum
835 1753 900 1797 non
923 1731 1120 1814 sufficiebat,
1153 1753 1242 1820 prae·

194 1850 406 1934 ponebantur.
470 1870 528 1914 eur
560 1857 668 1915 autem
701 1849 742 1914 A.
772 1848 975 1936 Torquatum
1008 1869 1094 1914 anno
1124 1848 1242 1926 702!er

192 1973 378 2050 praeturam
409 1963 649 2030 administrasse
686 1987 842 2052 negemus
873 1967 961 2032 clare
992 1965 1162 2052 adparebit
1174 2014 1183 2047 ‚
1215 1964 1242 2028 si

192 2092 340 2168 tempora
361 2081 477 2170 quibus
491 2081 543 2148 ille
565 2103 623 2169 pro
646 2092 795 2168 praetore
815 2084 849 2147 in
864 2082 977 2150 Africa
989 2083 1088 2148 luerit
1108 2070 1242 2146 adcura

177 2199 257 2288 ¹tius
278 2199 596 2265 consideraucrimas.
640 2198 755 2270 Oicero
786 2198 871 2266 enim
894 2223 954 2288 pre
976 2199 1111 2264 Plancio
1136 2200 1173 2262 ll
1200 2197 1240 2262 27

82 2387 83 2390 ¹
192 2315 274 2380 haec
294 2316 438 2382 narrauit
458 2339 466 2380 :
486 2319 537 2383 laio
550 2315 730 2400 (Plancius)
750 2329 792 2382 est
812 2319 903 2401 mua,
922 2319 982 2404 qai
997 2319 1242 2382 adulescentulas

85 2423 88 2428 ¹
193 2455 263 2496 cum
284 2433 326 2496 A.
354 2433 504 2520 Torquato
521 2433 679 2520 profectas
700 2439 731 2499 ia
748 2433 899 2520 Africam
921 2438 963 2499 sio
984 2437 1023 2498 ab
1043 2434 1096 2500 illo
1113 2435 1243 2520 φανῶ·

82 2579 83 2598 ¹
193 2554 268 2615 simo
289 2563 316 2615 et
335 2551 530 2617 amatissimo
556 2561 647 2638 atque
670 2553 755 2617 omni
772 2551 867 2617 laude
887 2561 915 2615 et
934 2551 1045 2617 lsoaoro
1065 2549 1241 2639 diqausimo

82 2722 83 2755 q
193 2668 264 2731 as'ro
285 2666 411 2733 dilectas
430 2680 474 2732 est
494 2680 527 2731 ut
547 2679 574 2732 et
593 2668 778 2733 aoatabmii
789 2669 978 2735 aecusatudo
992 2681 1020 2732 et
1038 2668 1242 2733 adulescentis

82 2756 83 2781 Ξ
194 2782 413 2849 modestissimi
427 2783 529 2870 pudor
537 2785 719 2871 posttelobat.
763 2786 856 2872 quod,
871 2788 905 2851 si
916 2785 1045 2868 αᾶεεεά,
1066 2808 1126 2849 aon
1141 2786 1242 2849 minus

82 2934 83 2941 κ
194 2901 249 2965 ille
277 2900 450 2966 declararet
480 2922 572 2987 quam
599 2902 648 2967 tie
674 2902 760 2969 s'lls'as
779 2901 890 2988 frater
911 2900 1065 2988 paenulis
1092 2914 1120 2966 et
1146 2923 1242 2982 socer,

199 3017 233 3082 Τ.
259 3020 451 3103 Torquatus,
474 3022 563 3085 omas·
580 3022 623 3084 illi
640 3021 752 3085 ainata
773 3030 801 3084 et
820 3018 915 3085 luade
935 3042 1013 3105 par,
1034 3020 1093 3105 qai
1110 3029 1155 3083 est
1175 3018 1244 3105 qus'-

195 3133 264 3199 dem
286 3157 354 3200 oum
374 3135 429 3201 s'llo
449 3137 598 3201 maximis
619 3138 753 3203 uinculis
778 3150 805 3201 et
824 3138 1067 3223 propinquitatis
1088 3147 1116 3199 ct
1133 3137 1242 3218 adriaci·

82 3232 83 3257 l
193 3252 267 3317 atis
289 3253 491 3335 coniunctas,
522 3256 575 3317 scd
593 3257 636 3318 ita
656 3256 778 3339 moysis
799 3254 971 3318 actorium
989 3254 1058 3317 illue
1077 3251 1242 3316 accusas

192 3369 277 3435 mitti
300 3392 425 3436 cameos
445 3373 528 3435 leaeo
550 3393 615 3435 csso
634 3370 813 3435 uideantur.
858 3392 900 3435 ex
921 3369 970 3433 his
990 3366 1098 3433 uerbis
1115 3366 1241 3453 pridem

192 3486 391 3553 intellectum
407 3496 456 3553 est
470 3486 674 3574 Torquatum
695 3508 754 3574 pro
777 3497 928 3575 praetore
952 3485 985 3550 in
999 3485 1112 3551 Africa
1132 3483 1241 3547 fuisse.

193 3604 280 3692 quod
310 3625 374 3690 quo
402 3625 487 3669 anno
515 3603 612 3669 fuerit
637 3603 696 3669 etsi
718 3604 872 3670 adcurate
892 3602 1018 3669 definiri
1040 3622 1105 3665 non
1126 3609 1242 3687 potest,

192 3730 302 3785 tamen
329 3720 361 3783 in
394 3717 578 3784 uniuersum
607 3729 733 3805 tempus
760 3742 819 3783 nos
848 3739 913 3784 noa
935 3719 1030 3805 fugit.
1073 3739 1147 3781 nam
1168 3739 1243 3781 cum

193 3858 235 3901 ox
258 3835 366 3900 uerbis
384 3836 577 3901 Planoiaaae
601 3837 646 3901 eis
668 3858 750 3925 quac
777 3837 883 3903 locum
910 3858 931 3899 a
957 3836 1051 3901 nobis
1071 3834 1167 3900 modo
1190 3855 1244 3899 ex-

82 4020 83 4037 }
192 3952 330 4038 criptum
361 3952 508 4038 proxime
535 3952 701 4039 excipiunt
722 3952 892 4019 Plancium
912 3951 1118 4017 manifestum
1140 3950 1181 4016 sit
1203 3971 1244 4015 ex

192 4068 307 4133 Africa
327 4068 478 4134 reducem
499 4090 573 4135 eum
595 4068 635 4151 Q.
659 4070 790 4135 Metello
814 4068 943 4136 Cretico
964 4069 1005 4133 in·
1018 4068 1117 4136 Orata
1138 4066 1243 4148 fuisse

191 4206 331 4270 curaque
347 4185 512 4252 Metellum
527 4195 655 4253 constet
669 4188 710 4253 ab
726 4209 810 4252 anno
824 4186 942 4264 saules
957 4208 1059 4350 usqqe
1070 4185 1112 4251 ad
1124 4207 1243 4251 annum
