3342 5200
332 655 382 706 ³08
702 651 769 706 xm
801 653 851 706 DE
871 651 1027 708 (MORE

331 840 439 908 neque
467 818 561 885 sliter
589 815 739 907 Seeliger
767 820 856 888 feeit.
909 829 946 888 st
976 819 1142 888 Nselrius
1173 820 1217 888 sd
1244 819 1378 888 Valerius

332 935 489 1005 Catonem
511 958 542 1025 p.
562 936 625 1004 254
648 935 766 1004 Cusus·
783 937 868 1004 loss·
888 937 1002 1026 inquit
1023 961 1091 1028 pue
1114 940 1192 1006 sire
1212 939 1258 1005 ad
1274 950 1379 1006 nostra

335 1051 479 1120 Catonem
506 1052 663 1140 referetur
689 1055 869 1144 ombipm
897 1066 943 1120 est
973 1065 1010 1121 et
1038 1078 1075 1144 p.
1099 1055 1171 1122 2Ἰο
1193 1055 1324 1123 Οαωῖᾶε
1340 1074 1380 1121 tn

329 1195 413 1258 quem
451 1171 609 1260 iutellepot
642 1171 786 1238 θώποοη
819 1194 955 1258 prurm
999 1177 1128 1238 merla
1161 1196 1215 1240 res
1247 1185 1300 1240 eet.
1344 1173 1380 1238 soi

331 1299 463 1355 eotenus
511 1288 678 1355 adsentior
716 1298 753 1355 ut
794 1287 1014 1356 demonstrari
1067 1311 1144 1356 non
1188 1313 1286 1380 posse
1328 1311 1380 1356 eon

332 1405 446 1472 eedem
468 1405 511 1473 sd
530 1405 699 1472 Vslerium
720 1404 879 1474 Catonem
893 1407 1161 1494 gremmstioum
1190 1406 1380 1498 potissimum,

330 1545 396 1589 non
425 1524 466 1590 sd
494 1521 591 1589 olium
618 1522 782 1610 quendem
812 1544 832 1588 e
861 1523 988 1590 semilis
1020 1521 1199 1592 Catonum
1232 1525 1380 1592 oriundum

330 1663 460 1706 carmen
489 1659 544 1706 uvi
567 1638 723 1729 seriptum
750 1661 820 1706 esse
842 1663 850 1705 :
870 1660 978 1728 neque
1010 1649 1132 1708 temen
1160 1642 1246 1709 nihil
1274 1643 1381 1710 obstm

331 1779 395 1846 quo
416 1758 522 1824 minus
543 1754 585 1822 od
606 1757 854 1844 grummstieum
869 1755 1033 1825 referetur
1051 1759 1269 1847 negauerim,
1289 1768 1381 1826 oontn

332 1895 397 1940 non
426 1874 515 1940 nullo
543 1873 657 1940 edesse
684 1883 764 1960 puto
790 1872 907 1961 quibus
929 1875 1098 1942 sententis
1121 1873 1226 1944 Statii
1247 1886 1282 1944 et
1300 1875 1381 1945 Sosii

330 1992 402 2079 geri
416 1991 669 2058 commendetur.
700 2013 784 2081 quse
794 2000 991 2080 arguments
1005 1991 1205 2062 sdeurstius
1223 2014 1380 2084 congerent

330 2132 369 2175 so
391 2110 563 2196 disponere
582 2130 651 2175 ere
665 2109 806 2176 alienum
819 2131 887 2176 non
900 2109 972 2175 erit.
1009 2108 1037 2174 si
1051 2110 1203 2198 primum
1216 2114 1379 2199 utriusque

328 2224 1378 2314 postasoatoniscaoulliquosetstsmconpsrsmuscatocuullo,

329 2344 357 2409 si
373 2343 469 2409 fidem
483 2342 611 2410 Nsekio
629 2343 790 2426 habueris,
816 2367 882 2411 uno
898 2354 931 2410 et
944 2343 1062 2431 uiginti
1078 2348 1179 2412 annis
1195 2355 1277 2416 netu
1291 2348 1378 2414 msim

329 2460 390 2526 tuit
410 2486 418 2527 :
440 2482 504 2548 qus
527 2482 562 2527 re
580 2460 729 2548 equidem
750 2461 809 2530 uix
823 2460 986 2549 inpedirer
1007 2460 1089 2550 quin
1113 2487 1253 2532 ess-men
1274 2462 1376 2532 tried

330 2574 489 2645 Catonem
509 2578 755 2665 grammaticum
776 2577 942 2647 Catullum
962 2579 1095 2647 misisse
1117 2591 1294 2670 putarem,
1313 2581 1374 2647 dnn

328 2695 443 2779 modo,
475 2694 509 2762 id
539 2696 625 2782 quod
654 2706 769 2784 putere
800 2695 937 2778 liceret,
975 2694 1128 2764 catullus
1161 2720 1232 2765 non
1268 2697 1374 2767 edules

328 2814 473 2879 centulus
502 2813 559 2879 sed
588 2813 680 2881 snnis
712 2817 800 2881 niteo
830 2813 953 2881 ultimis
984 2813 1064 2881 illud
1091 2815 1271 2905 scripsisse
1297 2824 1373 2904 puts

328 2940 425 2997 retur.
465 2952 579 2997 uerum
600 2928 721 2997 Nsekii
741 2928 887 2997 definitio
907 2929 964 2997 ille
985 2930 1105 2997 aetatis
1121 2930 1264 3001 cetenis
1283 2952 1372 3022 grem

253 3116 256 3121 ,
323 3024 435 3114 ’ωαιὶοἰ
455 3048 587 3115 minime
609 3056 698 3115 eerts
719 3057 797 3114 est:
818 3070 1016 3137 quemquam
1043 3057 1137 3115 reete
1166 3070 1243 3117 esse
1269 3056 1371 3139 potest.

328 3174 435 3229 temen
457 3175 544 3231 reeta
564 3166 606 3233 sit
625 3187 692 3231 non
706 3175 757 3232 est
771 3187 912 3248 neeesse,
936 3164 968 3231 id
990 3163 1078 3254 quod
1098 3164 1218 3254 pende
1240 3168 1370 3235 demone

328 3280 493 3349 trahimus.
535 3280 569 3349 in
594 3280 798 3349 inlustranda
812 3280 947 3349 Catonis
964 3283 1173 3369 grammatici
1194 3294 1305 3352 setste
1322 3303 1370 3349 nee

327 3397 404 3465 diris
431 3422 491 3466 neo
511 3397 618 3485 Lydis
646 3398 845 3466 carminibus
874 3398 971 3465 hodie
999 3420 1132 3486 quoque
1155 3399 1369 3488 superstib‘bns

325 3517 373 3583 uti
393 3516 469 3584 lieet
480 3567 488 3598 ,
519 3515 672 3603 quonism
706 3516 762 3583 ille
783 3515 901 3582 Catoni
922 3514 968 3582 illi
988 3516 1071 3580 falso
1093 3517 1308 3586 ascribuntur
1326 3514 1369 3602 (οἱ

326 3632 503 3699 Merkelius
531 3631 574 3699 sd
594 3632 669 3701 Ibin
698 3655 732 3721 p.
752 3632 816 3699 364
843 3632 1005 3720 Hauptius
1032 3632 1065 3697 in
1097 3633 1370 3703 obseruationibus

326 3750 444 3817 criticis
459 3775 491 3839 p.
505 3748 547 3817 47
579 3750 808 3819 Leohmsnnus
826 3750 869 3817 sd
883 3748 1071 3816 Lucretium
1086 3772 1116 3837 p.
1132 3750 1199 3818 246
1222 3753 1369 3845 Bembsr

327 3865 397 3930 dius
418 3867 451 3933 in
471 3868 532 3934 litt.
555 3866 651 3933 Rom.
672 3866 746 3933 hist.
767 3888 797 3955 p
818 3866 897 3951 500)
920 3888 1026 3955 neque
1047 3867 1201 3937 uersibus
1224 3882 1302 3938 ooto
1320 3867 1369 3936 illis

325 3981 499 4049 subditioiis
522 3984 666 4050 decimae
683 3982 777 4071 primi
797 3984 872 4050 libri
892 3995 1021 4052 saturne
1036 3984 1170 4053 Horatii
1188 3985 1369 4077 antepositis

327 4096 405 4163 fides
433 4100 543 4167 heberi
570 4110 686 4188 potest.
729 4098 897 4167 Valerium
926 4101 1101 4186 Catonem,
1132 4127 1209 4171 oum
1239 4107 1369 4196 pupillus

327 4214 514 4300 perentibus
529 4218 664 4284 mortuis
678 4218 809 4285 relictus
825 4229 922 4303 esset,
938 4220 1069 4286 licentis
1080 4216 1209 4289 Suusni
1224 4222 1368 4312 temporis
