3342 5200
325 664 331 675 “
403 668 477 718 VIIII
511 667 558 718 DE
576 667 734 719 causton
752 669 799 719 ΕΤ
818 668 1049 721 causamme
1201 673 1249 720 211

201 833 445 900 commemorari
474 836 593 921 partim
621 836 774 923 castigari
802 836 962 901 uidentur.
1005 834 1094 922 quod
1121 858 1249 901 carmen

203 974 268 1039 quo
305 952 471 1017 obscurius
507 960 541 1017 et
576 953 736 1019 difficilius
772 954 813 1018 ab
848 954 1078 1040 interpretibus
1113 954 1182 1018 iure
1214 977 1251 1018 ac

202 1069 320 1133 merito
341 1090 471 1154 semper
491 1069 634 1135 habitum
657 1078 721 1151 est,
745 1091 782 1135 eo
804 1070 1040 1136 adcuratiorcm
1062 1070 1252 1156 disquisitio-

203 1205 280 1249 nem
302 1184 446 1271 requirit.
488 1207 572 1271 quae
593 1195 629 1250 ut
650 1194 736 1250 recte
757 1185 944 1252 instituatur
964 1187 1103 1273 primum
1125 1187 1164 1252 de
1187 1209 1253 1251 car-

203 1301 300 1367 minis
328 1301 437 1367 uerbis
468 1302 698 1367 constituendis
727 1324 832 1388 pauca
864 1302 1048 1368 disserenda
1082 1312 1167 1368 sunt.
1217 1303 1250 1368 in

205 1416 370 1484 codicibus
397 1418 498 1505 igitur
526 1419 619 1485 bonis
648 1440 776 1484 carmen
805 1438 882 1485 cxur
911 1420 973 1484 hoc
997 1419 1094 1487 modo
1119 1442 1252 1508 concep

203 1543 274 1599 tum
295 1544 372 1600 est:

306 1709 437 1777 Consule
457 1713 602 1798 Pompeio
618 1714 755 1799 primum
776 1706 855 1798 duo(
869 1716 980 1792 Οἰηηα,
1001 1715 1141 1781 solebant

354 1828 472 1893 memliu
493 1854 504 1892 .·
523 1827 612 1912 facto
633 1831 754 1894 consule
774 1855 855 1896 auos
875 1836 980 1896 derum

305 1955 480 2008 monacorum
501 1943 570 2026 duo,
592 1944 650 2009 ced
671 1960 830 2011 crescunt
849 1948 932 2012 milia
952 1948 987 2012 c'u
1008 1970 1103 2012 uuum

355 2060 521 2145 simpulum.
563 2060 728 2144 fecundum
749 2086 850 2128 semen
870 2064 1031 2129 adulteret.

202 2234 319 2300 horum
353 2256 506 2300 uersuum
546 2235 672 2303 duobus
712 2237 789 2302 locis
827 2236 927 2302 altero
963 2258 1076 2301 uersus
1119 2236 1252 2301 secundi

202 2351 331 2416 mecilrb
358 2352 460 2417 altero
489 2374 601 2417 uersus
632 2353 738 2439 quarti
765 2355 919 2439 simpulum
948 2354 1167 2419 offendimur:
1196 2354 1252 2418 sed

204 2468 313 2555 quarti
334 2490 447 2533 uersus
469 2468 620 2533 mendum
642 2470 683 2535 ab
698 2470 790 2534 Italis
805 2471 1034 2556 grammaticis,
1055 2470 1111 2557 qui
1127 2473 1253 2556 simpulo

205 2596 433 2668 correxerunt,
463 2587 527 2651 iarn
549 2586 669 2654 dudum
690 2587 852 2654 sublatum
874 2597 932 2651 est.
975 2587 1068 2653 aliter
1094 2586 1135 2653 de
1156 2611 1252 2653 uersu

204 2703 344 2769 secundo
373 2726 426 2768 res
448 2714 623 2790 conparata
651 2715 715 2788 est,
743 2706 799 2790 qui
827 2703 945 2769 mirum
973 2715 1128 2790 quantum
1155 2707 1252 2770 inter-

204 2829 312 2908 pretes
333 2821 472 2886 torserit
515 2842 652 2907 quorum
674 2833 856 2887 commenta
881 2821 989 2887 omnia
1010 2842 1198 2885 enumerare
1220 2830 1253 2884 et

205 2938 347 3004 refutare
370 2961 441 3003 cum
464 2937 598 3024 longum
620 2946 668 3003 est
689 2948 758 3003 tum
779 2937 879 3025 piget.
922 2938 984 3002 hoc
1004 2940 1108 3004 solum
1123 2939 1253 3004 adnota-

204 3077 277 3120 mus
308 3056 378 3120 fere
409 3077 519 3120 omnes
550 3056 584 3120 in
616 3064 768 3142 corrupta
795 3057 921 3120 coecilia
949 3077 1030 3120 uoce
1060 3055 1252 3120 uocabulum

205 3170 336 3257 aliquod
363 3193 382 3234 a
407 3171 506 3256 stirpe
533 3172 726 3238 moechandi
755 3173 935 3237 deriuatum
957 3171 1160 3237 reconditum
1182 3195 1252 3237 esse

205 3287 370 3374 putauisse
381 3336 390 3369 ,
420 3286 505 3353 unde
526 3283 667 3366 ιυνιοοοίιί,
689 3282 750 3352 tuo'
768 3282 909 3371 ισηοοείιί,
931 3289 985 3353 illi
1001 3282 1053 3352 ab'
1071 3283 1253 3354 ‘moecdidii'

204 3399 372 3470 ‘moeotida‘
394 3394 445 3469 ab’
464 3396 651 3470 ‘moecbolei'
676 3399 831 3471 moechi:
852 3407 905 3470 tto
927 3400 969 3469 ot‘
986 3395 1160 3473 ‘insectari'¹
1180 3428 1252 3470 con·

204 3523 353 3586 iecerunt
381 3520 486 3586 omnia
513 3520 604 3586 nihili
628 3522 835 3588 aestimanda.
886 3545 992 3608 neque
1022 3522 1193 3608 quicquam
1219 3521 1253 3585 in

207 3638 315 3702 Vossii
330 3659 426 3724 quam
441 3659 483 3702 ex
498 3638 607 3703 codice
620 3639 815 3724 interpolato
830 3640 954 3727 recepit
968 3639 1106 3704 lectione
1119 3639 1254 3702 Cacct'lsb

205 3755 293 3838 facto
325 3756 448 3820 consule
477 3776 559 3818 nuuc
589 3756 694 3818 iterum
723 3753 848 3819 laudari
876 3764 982 3840 potest
1010 3754 1071 3820 nisi
1105 3755 1191 3842 quod
1223 3755 1256 3820 in

206 3872 392 3957 corruptela
421 3871 573 3937 librorum
605 3872 762 3937 bonorum
797 3872 915 3935 mecilia
943 3893 1061 3936 nornen
1090 3871 1254 3959 proprium

204 3989 310 4054 inesse
341 4010 378 4052 ea
404 3988 571 4054 indicetur.
614 3989 677 4053 hoc
707 3988 791 4053 enim
822 3987 1026 4053 uerissimum
1057 4000 1114 4054 est
1158 4000 1254 4074 atque
1324 4048 1326 4052 .

204 4104 436 4170 Lachmannus
481 4107 601 4192 primus
636 4107 828 4193 intellegens
866 4104 899 4171 in
935 4105 1082 4170 codicum
1116 4105 1253 4171 lectione

205 4243 327 4290 nomen
354 4221 492 4288 feminae
520 4223 687 4289 cuiusdam
715 4223 815 4289 latere
838 4221 1052 4288 coniecturam
1076 4222 1252 4287 Maecilium

985 4325 1024 4386 14
1037 4323 1055 4362 *
