3342 5200
351 656 377 707 ll
412 657 461 711 DE
480 656 584 711 stoue
602 657 735 713 ldb'l'ffl
751 658 799 711 ΕΤ
815 658 950 711 sarm
966 656 1125 713 0vath
1223 660 1258 715 ⁸0

202 824 272 889 iam
292 824 451 911 adgnouit
478 824 534 912 qui
561 824 622 891 bac
649 825 683 891 in
711 825 900 913 quaestione
927 846 994 891 non
1020 832 1086 891 tarn
1107 825 1256 893 consulto

204 962 306 1029 qnam
333 942 417 1008 forte
438 942 568 1007 fortuna
589 962 719 1009 carmen
742 961 785 1007 nu
808 942 842 1007 in
871 962 966 1007 usum
994 962 1116 1010 uocare
1141 942 1260 1026 omisit,

204 1057 341 1123 Isaacm
362 1056 508 1123 Vossius.
552 1057 607 1145 qui
634 1080 709 1123 cum
737 1056 958 1145 Hieronymus
988 1078 1073 1144 quae
1100 1057 1142 1125 de
1172 1081 1257 1127 anno

206 1172 329 1241 Catulli
359 1175 448 1241 fatali
481 1173 643 1240 docuisset
673 1174 755 1241 falsa
785 1196 857 1241 esse
886 1174 1119 1258 intellexisset,
1150 1198 1190 1241 ea
1217 1174 1259 1243 de

205 1314 322 1357 caussa
354 1291 430 1380 quia
452 1288 572 1358 Catulli
594 1290 713 1379 scripte
734 1290 812 1357 nibil
833 1291 921 1379 quod
941 1313 1009 1358 non
1028 1292 1256 1380 praecessisset

82 1414 84 1435 '
204 1408 326 1476 bellunm
347 1408 441 1474 ciuile
463 1407 614 1476 Caesaris
643 1418 677 1475 et
707 1408 841 1497 Pompei
862 1409 1085 1492 continerent,
1118 1411 1259 1477 coniecit

205 1536 337 1611 postam
358 1535 434 1591 aute
449 1526 646 1593 bochellum
669 1524 786 1591 librum
809 1548 904 1593 sunm
924 1525 1063 1593 edidisse
1083 1549 1123 1593 ae
1143 1528 1256 1599 uiuere

206 1641 338 1709 desiisse
371 1642 425 1725 (cf.
458 1642 721 1709 obseruationum
751 1642 784 1709 iu
818 1641 982 1711 Catullum
1010 1666 1042 1733 p.
1067 1644 1118 1711 82.
1139 1644 1197 1730 83)
1224 1654 1260 1711 et

204 1770 342 1825 mortem
365 1758 484 1827 Catulli
505 1770 562 1825 sut
582 1781 668 1825 auno
690 1759 808 1838 702152
829 1769 993 1827 auterno
1015 1760 1099 1831 bello
1121 1762 1170 1829 illi
1183 1784 1259 1851 pro·

204 1877 291 1943 xime
313 1876 514 1943 antecedenti
536 1876 653 1955 lOdlbO
673 1876 859 1963 adsignauit
886 1877 1117 1945 obseruatione
1146 1879 1258 1945 rectis·

206 1994 287 2062 sima
309 2014 374 2059 non
396 1995 474 2059 satis
495 2002 590 2059 caute
607 2016 696 2060 usus.

286 2112 335 2177 As
363 2132 440 2175 num
469 2111 601 2179 credere
630 2111 777 2199 cogimur
804 2110 968 2179 Catullum
990 2111 1155 2179 Vatinium
1183 2134 1257 2179 con·

206 2228 309 2293 sulem
338 2227 438 2293 oculis
466 2227 617 2295 uidisse?
653 2228 794 2295 minime.
837 2229 902 2295 iam
923 2230 975 2295 uir
1005 2229 1121 2296 doctus
1148 2226 1257 2295 nmcio

206 2344 279 2431 quis
299 2346 334 2409 in
357 2343 608 2413 Zimmermanni
631 2345 741 2412 diariis
763 2345 854 2431 (anni
876 2347 958 2413 1834
978 2371 989 2411 ι
1009 2346 1087 2431 958)
1110 2356 1143 2413 et
1162 2346 1257 2413 buius

206 2471 243 2526 ut
269 2462 399 2527 uidetur
421 2460 546 2529 nescius
568 2461 789 2531 Mommsenus
811 2463 938 2547 (histor.
966 2463 1104 2531 Roman
1127 2463 1256 2531 1111304

206 2579 258 2646 uel
280 2578 327 2644 ιη’
348 2578 445 2664 314),
480 2578 571 2646 cuius
591 2578 784 2648 sententiam
805 2580 1080 2668 Iungclanssenns
1108 2579 1143 2648 iu
1171 2603 1257 2648 com·

204 2697 405 2764 mentatione
436 2697 476 2764 de
503 2696 681 2764 carminum
709 2699 965 2766 Catullianornm
992 2698 1194 2787 temporibus
1226 2722 1256 2766 a.

206 2813 285 2880 1857
328 2811 416 2879 edita
446 2813 655 2902 adprobabit,
696 2815 874 2882 rectissime
904 2813 1104 2882 adnotarunt
1136 2815 1256 2884 Catulli

203 2931 307 2998 uerba
336 2951 401 2996 non
430 2931 475 2996 ita
504 2941 680 3018 conparate
706 2952 777 2999 ease
804 2942 843 2999 ut
870 2930 945 2998 inde
972 2932 1052 3000 illud
1073 2931 1255 2999 decenario

83 3121 86 3148 .
202 3047 460 3116 concludendum
481 3048 534 3114 sit.
577 3049 654 3135 quid
677 3049 761 3115 enim
783 3059 832 3114 cst
856 3049 945 3136 quod
966 3048 1116 3117 Catullus
1137 3051 1172 3116 iu
1191 3048 1257 3116 Va·

202 3166 283 3234 tinio
305 3185 405 3250 aegre
430 3163 546 3230 ferat?
586 3189 644 3252 per
665 3169 852 3232 conculcem
870 3171 988 3252 peierat
1018 3167 1157 3232 Veturius
1180 3167 1212 3232 b.
1227 3188 1255 3232 e.

83 3321 85 3332 ·
204 3282 377 3348 consulatu
406 3281 498 3369 quasi
529 3292 611 3351 teste
641 3283 790 3352 inuocato
812 3282 965 3349 Vatinius
985 3281 1128 3370 periuria
1148 3281 1255 3349 lacit:

202 3421 352 3469 errorem
386 3401 472 3466 enim
504 3423 524 3466 a
553 3399 741 3468 Lehmannc
779 3423 886 3489 nuper
921 3399 1114 3489 repetitum,
1157 3419 1255 3486 quem

202 3516 373 3583 Palladius
387 3516 510 3582 Fuscus
532 3515 640 3582 uerbis
650 3541 708 3604 per
723 3519 910 3582 constaturam
931 3515 1108 3585 arbitratus
1127 3526 1255 3604 tompus

203 3658 269 3724 quo
293 3634 446 3702 Vatinius
467 3634 549 3700 falso
571 3633 743 3701 iurauisset
773 3634 950 3702 indicatum
980 3656 1050 3702 esse
1071 3634 1148 3700 olim
1169 3657 1254 3700 com·

203 3753 299 3828 misit,
317 3749 458 3821 reluts’re
473 3751 727 3840 supersedemus.
757 3750 886 3818 sedeur
901 3774 1060 3840 ponamus
1076 3752 1253 3830 Vatinium,

203 3893 277 3936 cum
297 3867 446 3936 Catullus
468 3868 568 3935 uerba
589 3867 644 3934 illa
664 3867 836 3951 scriberet,
866 3869 930 3934 iam
944 3868 1108 3934 consulem
1121 3868 1254 3935 fuisse?

203 4007 280 4051 num
302 3984 470 4073 probabile
492 3995 542 4052 eat
564 3984 746 4068 Catullum,
776 3985 804 4051 ei
832 3984 999 4052 Vatinium
1021 3985 1188 4052 consulem
1211 3988 1257 4053 ui·

205 4103 326 4179 disset,
363 4101 432 4168 eius
458 4102 610 4171 miserum
646 4112 679 4169 et
709 4101 959 4169 intermortuum
992 4102 1194 4170 consulatum
1224 4104 1256 4170 in

206 4241 325 4308 paucos
348 4217 416 4286 dies
437 4217 483 4286 illi
504 4241 524 4286 s
543 4217 683 4289 Caesare
705 4239 893 4286 conoessum
913 4228 1007 4289 tanta
1027 4219 1258 4310 indignatione,
