3342 5200
402 661 480 712 vnn
512 661 560 711 DE
577 659 737 712 CAESARE
755 659 802 711 ΕΤ
820 657 1052 711 crasmarus
1205 658 1255 708 225

209 827 364 916 estquod
387 828 483 892 etiam
511 825 542 890 in
567 826 696 914 reliquis
719 825 919 892 carminibus
941 824 1058 912 quibus
1080 821 1254 890 Caesarem

208 946 380 1032 adgressus
413 955 462 1010 est
494 942 641 1011 Catullus
672 946 706 1010 in
741 944 852 1032 primis
887 942 1055 1008 libidinum
1090 940 1175 1006 illius
1209 942 1255 1005 in·

207 1063 454 1150 temperantiam
475 1053 672 1149 uilupemuit
701 1063 748 1146 (u.
777 1085 887 1128 xxvuu
914 1061 936 1126 5
963 1061 1090 1126 riuum
1115 1058 1255 1140 Romule,

207 1181 282 1244 boec
304 1179 426 1244 uidebis
446 1192 473 1242 et
490 1178 578 1263 feres
601 1180 640 1243 10
664 1203 694 1243 es
714 1179 880 1263 inpudicus
900 1197 966 1243 Lvu
989 1177 1099 1242 Pulcra
1119 1182 1255 1242 conuenit

206 1297 343 1383 mprobis
365 1296 507 1361 cinaedis
527 1307 587 1361 cet
610 1299 687 1361 exui
711 1297 837 1361 Consule
859 1295 1007 1381 Pompeio
1026 1297 1162 1380 pn’mam
1182 1294 1254 1376 duo,

209 1413 326 1495 Cinna,
349 1416 481 1479 solebant
501 1413 674 1498 Mocillam)
698 1437 705 1476 :
728 1423 929 1500 quapropter
946 1435 985 1477 eo
1008 1412 1103 1478 ualde
1124 1411 1256 1477 inclina·

206 1555 280 1597 mus
311 1540 348 1596 ut
382 1529 616 1596 deformitatem
655 1531 751 1595 trium
785 1529 985 1593 exoletorum
1015 1527 1183 1610 Caesaris,
1221 1529 1255 1593 in

207 1648 324 1716 scortis
369 1648 526 1735 eligendis
558 1669 625 1711 non
666 1646 712 1711 ita
746 1646 868 1710 morosi
906 1645 961 1730 (cf.
1000 1645 1104 1712 Cassii
1139 1646 1255 1711 Dionis

207 1790 322 1833 xxxxii
345 1766 386 1829 34
406 1764 587 1830 Drumanni
608 1787 638 1828 ur
661 1765 754 1848 741),
777 1773 810 1828 et
830 1763 963 1845 Fuficii,
984 1764 1036 1828 cui
1057 1763 1188 1851 perinde
1210 1772 1255 1827 at

207 1907 272 1972 que
294 1884 477 1949 Mamurrae
497 1905 570 1947 oum
592 1883 777 1968 inperatore
795 1883 890 1946 unico
906 1882 1017 1969 pulcre
1033 1882 1255 1962 conueniebat,

206 2001 269 2067 boo
291 2003 432 2066 carmine
453 2000 592 2065 derisam
614 2021 685 2065 esse
705 2021 903 2066 censeamus.
947 1997 1018 2087 quis
1038 1998 1180 2064 Fuficius
1201 1998 1255 2063 ille

205 2119 308 2183 fuerit
335 2118 511 2205 ignoratur.
565 2139 647 2182 unus
680 2115 720 2180 de
751 2139 815 2204 quo
845 2117 879 2181 in
911 2115 1042 2181 historia
1074 2124 1254 2203 temporum

207 2235 337 2300 illorum
358 2234 494 2301 relatum
517 2244 566 2299 est
587 2233 629 2300 G.
645 2233 787 2299 Fuficius
803 2232 920 2321 Fango
934 2245 991 2317 est,
1013 2256 1109 2321 quem
1124 2232 1255 2300 Cassius
1315 2234 1318 2238 ’

206 2353 273 2418 Dio
295 2351 458 2436 (xxxxvur
479 2352 551 2433 22),
581 2353 636 2439 qui
659 2351 698 2417 de
720 2351 787 2416 eius
809 2351 991 2416 Africarum
1018 2351 1255 2439 prouinciarum

208 2469 504 2551 administratione,
535 2469 574 2534 de
603 2469 688 2537 bello
718 2469 836 2535 infelici
863 2468 951 2559 quod
979 2492 1051 2534 cum
1079 2469 1119 2534 T.
1141 2466 1254 2535 Sextio

206 2588 326 2675 gessit,
357 2587 396 2653 do
424 2588 491 2653 eius
512 2598 615 2653 morte
636 2588 817 2653 uoluntaria
836 2610 921 2653 anno
943 2585 1057 2662 713141
1079 2588 1164 2653 lacta
1185 2609 1255 2653 nar·

207 2706 314 2788 rauit,
347 2727 388 2770 ax
418 2706 518 2770 milite
548 2706 700 2792 gregario
730 2704 775 2771 ait
808 2714 989 2771 senatorem
1018 2706 1140 2771 factum
1172 2727 1252 2769 ossa.

208 2845 305 2911 quem
328 2824 355 2888 si
376 2824 461 2887 forte
482 2822 604 2889 Caesar
631 2833 758 2909 praeter
779 2823 975 2888 Mamurram
1003 2824 1126 2889 socium
1153 2822 1254 2887 libidi-

206 2963 286 3006 num
318 2963 447 3006 suarum
476 2940 612 3005 alterum
642 2941 702 3005 sibi
733 2940 911 3027 adsumpsit
942 2950 974 3006 et
1001 2950 1037 3006 ut
1065 2939 1254 3005 Ventidium

206 3057 368 3140 Bassum,
401 3058 477 3122 olim
509 3058 682 3122 mulionem
714 3065 827 3144 postea
855 3056 1002 3124 Caesaris
1034 3056 1190 3122 beneficio
1222 3067 1254 3121 at

207 3174 314 3261 ipsum
336 3183 517 3240 senatorem
541 3174 588 3256 (in
603 3196 699 3261 quem
714 3174 849 3241 ridicula
870 3176 926 3241 illa
945 3174 1067 3263 phaseli
1082 3173 1254 3241 Catulliani

208 3290 344 3355 imitatio
382 3293 414 3355 iu
443 3290 579 3377 Vergilii
612 3291 776 3357 catalectis
811 3292 931 3379 scripta
966 3294 1045 3374 ast),
1077 3291 1253 3357 honoribus

208 3410 401 3492 cumulauit,
434 3410 474 3474 de
502 3408 613 3475 eodem
643 3410 777 3475 fortasse
806 3409 964 3496 quispiam
992 3411 1134 3494 cogitare
1166 3409 1253 3491 uelit,

208 3526 269 3590 etsi
290 3526 482 3611 Fungonem
503 3524 606 3607 illum,
641 3525 695 3613 qui
718 3547 800 3591 anno
823 3525 938 3601 713141
961 3526 1056 3591 etiam
1078 3536 1147 3591 tum
1169 3525 1253 3612 apud

208 3653 339 3708 exteros
362 3643 517 3709 exercitui
545 3643 685 3729 praefuit
713 3652 745 3708 et
772 3653 903 3707 strenue
930 3644 1083 3725 bellauit‚
1116 3666 1181 3708 non
1208 3643 1254 3709 ita

208 3760 401 3827 uerisimile
430 3770 479 3825 est
509 3783 592 3825 anno
614 3760 748 3843 699155,
778 3784 843 3850 quo
866 3760 1013 3827 Catullus
1035 3783 1163 3826 carmen
1185 3782 1254 3826 Lau

208 3876 344 3963 scripsit,
366 3876 430 3941 iam
451 3870 579 3941 ‘senem’
599 3876 706 3943 fuisse.
749 3878 805 3943 sed
822 3878 959 3945 obscura
973 3880 1053 3943 haec
1072 3878 1253 3967 relinquere

207 3994 329 4059 intacta
351 3995 479 4059 omnino
501 4002 653 4081 praestat.

291 4114 361 4178 Iam
394 4111 434 4178 ad
467 4113 609 4179 carmina
641 4124 868 4179 conuertamur
900 4136 983 4201 quae
1010 4123 1105 4201 poeta
1124 4114 1158 4180 in
1185 4114 1253 4180 Ma·

207 4250 348 4294 murram
381 4229 485 4294 solum
520 4228 647 4295 direxit.
701 4230 735 4294 in
764 4231 814 4295 bis
847 4228 994 4296 omnibus
1025 4230 1116 4317 (sunt
1146 4242 1253 4299 autem

1016 4333 1056 4398 15
