3342 5200
406 633 482 684 VllIl
517 633 806 687 occursantur
825 635 1052 689 causamme
1209 642 1258 689 209

205 801 329 888 praeda
351 823 392 865 ex
413 800 518 865 Ponto
541 800 710 868 Pharnace
733 813 883 890 superato
905 824 989 866 auno
1011 802 1126 879 707147
1149 824 1257 890 repor-

203 928 274 984 tata
306 917 510 1004 interpretati
541 930 617 984 sunt
638 944 646 984 :
669 943 766 1007 quam
795 921 980 1007 opinionem
1009 929 1042 984 et
1070 921 1173 1007 ipsam
1203 920 1257 984 uel

205 1044 389 1122 temporum
411 1034 552 1101 rationes
573 1038 669 1123 plane
688 1046 848 1102 auertunt.
891 1046 1005 1102 contra
1025 1036 1158 1102 Isaacus
1176 1036 1255 1101 Vos-

204 1152 272 1216 sius
306 1153 346 1218 de
375 1152 465 1218 lucro
496 1162 528 1218 et
554 1154 768 1220 emolumento
794 1155 880 1219 illam
905 1153 1050 1240 intellegi
1069 1154 1141 1219 uult
1167 1152 1254 1241 quod

205 1268 328 1335 Caesar
342 1290 360 1332 e
374 1268 531 1357 Bithynia
545 1292 586 1335 ex
601 1270 812 1338 contubernio
824 1271 868 1336 M.
884 1270 1020 1335 Minucii
1035 1270 1168 1335 Thermi
1183 1293 1255 1358 pro·

203 1386 362 1471 praetoris
377 1386 476 1451 Asiae
494 1396 583 1451 etex
601 1386 817 1453 familiaritate
829 1385 1016 1453 Nicomedis
1033 1409 1117 1452 auno
1136 1386 1251 1465 673181

206 1511 241 1567 et
262 1503 473 1590 sequentibus
493 1504 662 1570 rettulerit.
705 1526 845 1590 quocum
859 1504 997 1592 quodam
1012 1504 1107 1569 modo
1121 1504 1255 1569 Momm·
1293 1514 1298 1519 '

203 1641 302 1684 senus
333 1619 485 1685 historiae
507 1620 674 1686 Romanae
696 1626 725 1686 111
747 1622 810 1688 315
832 1622 949 1701 sensit,
983 1623 1038 1710 qui
1071 1623 1254 1688 adcuratius

202 1735 386 1802 definiendo
414 1737 567 1823 praedam
590 1761 630 1802 ex
652 1736 886 1826 Mitylenarum
908 1740 1146 1825 expugnatione
1168 1761 1253 1803 anuo

201 1853 321 1930 675179
342 1853 493 1930 relatam,
526 1854 616 1919 cuius
638 1853 761 1921 Caesar
788 1854 821 1919 in
850 1854 1006 1942 praetoris
1027 1855 1201 1942 Bithyniae
1222 1865 1255 1919 et

201 1970 302 2038 Ponti
328 1970 471 2035 exercitu
498 1970 817 2058 praefecti·militum
847 1993 981 2035 munere
1005 1971 1134 2038 functus
1156 1970 1252 2057 parti-

202 2110 279 2176 ceps
309 2087 424 2169 fuerit,
456 2086 632 2152 indicatam
663 2109 733 2153 esse
769 2088 902 2154 censuit.
955 2098 1069 2154 contra
1099 2087 1250 2154 Vossium

201 2214 311 2270 sutem
333 2201 508 2269 Mauricius
532 2201 694 2290 Hauptius
718 2204 871 2290 (quaestt.
893 2204 1012 2270 Oatull.
1034 2228 1064 2290 p.
1087 2203 1141 2288 18)
1163 2214 1250 2269 recte

200 2322 336 2388 adnotat
366 2321 505 2408 primum
536 2321 704 2386 Ponticam
735 2321 822 2386 illam
850 2321 1002 2407 praedam
1031 2321 1156 2402 uocari,
1184 2343 1249 2385 non

200 2438 425 2525 Bithynicam,
450 2437 567 2503 deindo
587 2437 728 2526 praedae
751 2437 878 2503 nomine
898 2437 977 2503 illud
998 2437 1249 2504 emolumentum

201 2577 240 2622 eo
261 2556 366 2622 minus
386 2563 474 2622 recte
495 2565 622 2644 poetam
644 2554 804 2623 dicturum
824 2555 938 2638 fuisse,
965 2575 1029 2643 quo
1051 2555 1155 2641 magis
1177 2577 1249 2642 pro-

200 2673 272 2761 pria
294 2673 393 2738 ineis
415 2695 498 2762 quae
521 2683 672 2738 secuntur
692 2673 776 2738 illius
803 2671 954 2738 uocabuli
978 2671 1171 2758 significatio
1194 2671 1248 2736 ob-

199 2791 341 2857 tineatur
361 2815 369 2857 :
390 2789 531 2878 denique
548 2789 603 2856 illa
617 2791 723 2877 prima
738 2789 898 2877 stipendia
912 2811 985 2854 cum
999 2787 1119 2856 Caesar
1134 2789 1249 2855 fecerit

200 2907 294 2974 annis
319 2909 361 2974 ab
388 2932 421 2974 u.
449 2931 477 2973 c.
503 2907 618 2984 673181
651 2914 683 2972 et
714 2906 842 2984 674180,
873 2907 1008 2971 nimium
1039 2905 1244 2972 interuallum

200 3024 405 3091 interiectum
431 3046 502 3089 esse
531 3023 615 3089 inter
642 3024 725 3089 hanc
749 3024 904 3110 praedam
926 3030 959 3086 et
980 3043 1050 3087 cam
1072 3044 1155 3108 quae
1176 3044 1248 3109 pro-

199 3139 288 3208 xime
309 3150 593 3224 commemoretur,
622 3140 791 3206 Hiberam.
828 3139 942 3204 eadem
966 3139 1089 3204 sercin
1111 3138 1247 3204 Momm-

198 3258 269 3326 seni
291 3259 483 3325 sententiam
510 3257 644 3323 dicenda
670 3266 745 3322 suut
766 3282 773 3320 :
795 3258 829 3322 iu
857 3257 968 3344 primis
999 3278 1063 3343 quo
1091 3257 1161 3320 iure
1189 3256 1248 3321 Mi-

163 3388 166 3393 ’
196 3374 375 3463 tylenensis
406 3374 527 3461 praeda
548 3374 704 3440 Ponticae
724 3373 855 3438 nomine
876 3373 1039 3459 designari
1060 3374 1163 3459 possit
1184 3396 1248 3438 non

196 3490 333 3579 dispicio
356 3517 363 3555 ε
384 3491 445 3556 nisi
466 3491 550 3557 forte
572 3489 644 3578 quis
664 3512 782 3556 nomen
803 3489 883 3556 illud
907 3513 945 3557 co
974 3493 1137 3579 explicare
1166 3491 1246 3556 uelit

196 3609 284 3698 quod
304 3608 426 3696 praeda
446 3606 502 3674 illa
524 3632 544 3674 a
564 3616 730 3694 praetore,
751 3617 789 3673 ut
808 3607 1029 3673 Mommsenus
1050 3607 1113 3690 ait,
1134 3607 1246 3694 Bithy·

194 3726 269 3791 niae
291 3734 325 3791 et
345 3724 443 3790 Ponti
465 3724 551 3791 facta
572 3725 621 3790 sit.
664 3725 721 3790 sed
747 3748 789 3791 ne
815 3725 895 3792 haec
924 3724 1053 3811 quidem
1078 3746 1247 3811 argumen-

194 3842 276 3908 tatio
304 3841 381 3907 lerri
408 3850 532 3928 potest,
561 3864 634 3906 cum
655 3842 701 3907 M.
723 3841 901 3924 Thermus,
931 3841 1022 3907 cuius
1043 3842 1103 3906 suh
1124 3839 1247 3928 inperio

195 3958 320 4026 Caesar
340 3967 409 4024 tum
430 3957 589 4041 militamt,
611 3982 675 4024 non
696 3968 763 4024 tam
780 3958 955 4046 Bithyniae
978 3967 1010 4022 et
1027 3956 1125 4022 Ponti
1147 3980 1245 4045 quam

193 4075 293 4143 Asiae
322 4075 509 4164 prouinciae
539 4085 670 4162 praetor
696 4075 793 4141 fuerit
813 4097 821 4139 :
844 4075 877 4141 id
906 4074 994 4163 quod
1023 4074 1245 4174 Mommsenus

193 4194 262 4282 ipse
282 4216 304 4259 11
325 4191 574 4258 3321ndicsuit.
617 4202 651 4258 et
676 4215 718 4258 ne
739 4192 844 4280 potuit
864 4190 994 4279 quidem
1017 4192 1063 4257 M.
1085 4192 1246 4256 Thermus

1004 4293 1043 4354 14
1215 4321 1217 4324 ⁴
