3342 5200
555 677 620 732 xm
654 680 703 732 DE
721 675 864 732 ΟΔΤΟΝΕ
1181 680 1229 729 311

182 850 298 914 meua
324 857 505 932 praereptor
532 846 576 910 od
589 850 735 932 poeteom
754 847 940 932 paratum,
970 856 1003 910 ut
1028 845 1148 933 quidem
1175 843 1234 911 nd·

180 988 295 1051 perere
315 963 367 1030 uel
386 962 438 1028 tu
458 962 621 1028 uersiculis
643 973 768 1048 potest:

330 1128 335 1140 .
387 1077 459 1145 Oato
479 1080 712 1168 yrommots'eua,
733 1079 853 1146 Latrim
875 1078 974 1164 Siren,

383 1195 443 1282 qua’
460 1196 544 1260 aolus
564 1196 638 1282 leys't
656 1219 695 1260 oo
714 1193 800 1280 feeit
819 1207 936 1281 poetae,

182 1314 245 1380 hoe
266 1322 325 1396 est,
346 1322 385 1378 ut
405 1310 467 1377 alio
490 1309 637 1378 Suetonii
660 1311 716 1396 (de
737 1323 909 1400 grammat.
923 1314 960 1400 2)
980 1315 1053 1381 loeo
1075 1337 1153 1382 usus
1174 1317 1232 1384 bos

78 1503 79 1514 χ
182 1452 297 1498 uersus
319 1451 476 1512 enarrem,
498 1426 580 1498 Cato
602 1427 745 1496 earmina
763 1451 878 1517 pamm
904 1430 1009 1498 adhue
1031 1433 1083 1498 uel
1104 1433 1234 1500 defune-

181 1558 289 1615 torum
310 1545 486 1612 amicorum
508 1545 560 1611 uel
581 1545 607 1612 si
623 1567 760 1634 quorum
775 1545 910 1613 aliorum
924 1547 1085 1635 probabat
1099 1548 1234 1637 diligen·

182 1665 247 1732 tius
268 1662 458 1732 retraetauit
478 1685 515 1729 so
537 1661 677 1751 legendo
699 1663 1014 1753 commentandoque
1037 1667 1135 1747 etiam
1156 1677 1233 1733 nota

181 1783 268 1848 feeit.
312 1782 423 1870 itaque
442 1778 504 1846 fuit
525 1777 608 1847 Cato
631 1781 733 1847 altera
761 1779 853 1868 quasi
881 1783 1057 1848 tenellorom
1083 1785 1234 1850 numento

181 1913 310 1976 aerea,
352 1907 390 1964 ut
420 1897 584 1964 Domitius
614 1895 743 1964 Marsus
779 1895 819 1978 Q.
853 1896 1032 1967 Caecilium
1063 1899 1233 1986 Epirotam

78 2064 79 2094 t
182 2015 427 2105 grammaticum
449 2013 629 2081 nominauit
651 2014 703 2097 (of.
726 2013 860 2082 Sueten.
883 2037 1018 2103 gramm.
1042 2017 1107 2103 16).
1146 2018 1233 2085 illius

78 2217 79 2228 ἵ
182 2135 284 2223 igitur
310 2131 450 2220 conlegii
482 2141 672 2220 poetarum,
705 2133 731 2197 si
764 2132 826 2198 hoe
856 2131 985 2220 publico
1014 2134 1145 2200 nomine
1177 2138 1232 2219 (ef.

184 2251 224 2320 Ο.
251 2251 386 2317 Iahnius
411 2251 445 2316 in
474 2258 535 2315 aet.
567 2271 632 2316 sea.
661 2248 817 2317 tirason
840 2249 991 2333 v1u293)
1018 2263 1130 2339 poetas
1158 2251 1233 2320 illos

183 2368 362 2462 studiorum
394 2366 618 2434 communione
647 2365 774 2454 saepius
806 2367 891 2434 inter
920 2369 1062 2455 parietes
1088 2369 1232 2457 priuatos

184 2487 373 2554 eoniunetos
411 2483 578 2550 nominare
617 2483 668 2550 tas
707 2495 777 2568 est,
812 2486 968 2575 magister
1003 2484 1086 2554 Oete
1126 2487 1233 2554 extitit

183 2613 216 2671 et
257 2604 397 2691 primum
439 2624 494 2668 eos
537 2611 570 2669 et
618 2603 768 2689 exemplo
818 2612 852 2668 et
903 2604 1050 2671 doctrina
1094 2605 1232 2693 quadam

182 2720 330 2789 familiari
358 2718 456 2786 uariis
484 2718 518 2785 in
547 2720 593 2784 eis
620 2720 744 2785 artibus
769 2719 909 2815 erudibit
930 2743 1066 2809 quarum
1088 2722 1232 2812 cognitio

183 2849 314 2927 poetam
345 2836 446 2904 deest.
490 2835 605 2903 deinde
633 2826 776 2904 earmina
804 2859 889 2927 quae
914 2860 957 2904 ex
982 2838 1037 2903 illo
1064 2844 1233 2927 poetarum

184 2954 331 3043 conlegio
360 2952 551 3042 prodierunt
581 2953 708 3043 publice
737 2954 984 3023 commendabat
1015 2968 1048 3023 et
1068 2957 1233 3024 recitando

78 3158 79 3169 ἵ
183 3070 382 3160 diuuigebat
424 3070 480 3137 tali
507 3070 664 3159 magistro
689 3070 752 3138 illis
777 3072 977 3161 potissimum
1002 3074 1126 3162 poetis,
1157 3096 1233 3162 quo·

81 3278 83 3281 ,
183 3212 254 3257 rum
277 3187 384 3255 studia
405 3188 580 3255 Merkelius
609 3189 649 3255 ad
671 3188 746 3255 Ibin
773 3212 805 3278 p.
827 3190 890 3258 353
917 3200 950 3256 et
975 3213 1057 3281 quae
1078 3201 1233 3262 secuntur

184 3304 404 3377 Bernhardius
436 3306 471 3373 in
499 3305 609 3373 histor.
645 3307 706 3373 litt
735 3306 830 3375 Rom.
865 3332 897 3396 p.
921 3308 985 3375 240
1028 3308 1070 3377 0.
1101 3310 1234 3376 Iahnius
1338 3347 1343 3362 ·

184 3424 225 3492 ed
247 3423 417 3495 Ciceronis
437 3433 599 3493 oratorem
621 3446 652 3512 p.
673 3448 696 3491 x
726 3422 772 3491 M„
794 3424 956 3515 Hauptius
976 3426 1010 3492 in
1030 3426 1136 3493 indice
1160 3426 1232 3493 leet

184 3542 292 3611 Berol.
320 3541 432 3609 aestiu.
456 3563 483 3606 a
507 3541 589 3609 1855
608 3542 697 3631 p.10
722 3541 801 3609 Luo.
823 3542 1001 3611 Muellerus
1021 3544 1063 3609 de
1083 3567 1121 3611 re
1140 3554 1234 3611 metr.

183 3683 213 3748 p.
238 3659 280 3725 89
308 3658 555 3745 explicaberunt
566 3707 576 3743 ‚
609 3679 690 3747 opus
714 3659 814 3726 fuisse
847 3661 1052 3727 menifestum
1077 3671 1135 3727 est
1178 3660 1235 3752 qui

77 3765 79 3829 ¹2
184 3776 362 3865 generibus
391 3775 635 3865 rationibusque
666 3776 774 3863 poesis
798 3776 936 3844 Latinae
964 3778 1157 3867 antiquioris
1182 3800 1235 3844 ne

78 3903 79 3987 t
185 3892 300 3982 glestis
334 3902 368 3960 et
399 3892 548 3983 sepositis
579 3915 700 3961 nouam
730 3893 869 3982 ingressi
903 3893 991 3960 uiam
1025 3894 1158 3983 (itaque
1189 3890 1237 3962 ‘oi
1301 3963 1305 3972 ,

184 4002 343 4099 νεώτεροί
370 4012 422 4078 uel
449 4005 536 4077 ‘noui
568 4004 693 4101 poetae'
722 4009 1001 4079 nominabantur:
1023 4012 1063 4078 oi.
1093 4009 1161 4079 Oia.
1193 4012 1235 4080 ad

78 4170 79 4185 ι
185 4129 255 4195 Att
278 4150 321 4195 vu
342 4128 363 4195 2
386 4129 403 4193 1
426 4136 545 4198 orator.
565 4128 606 4195 48
629 4126 722 4214 161),
744 4150 818 4195 oum
838 4128 1033 4195 recentiores
1053 4128 1086 4195 in
1107 4129 1234 4197 uniuer-

184 4270 255 4314 sum
277 4255 392 4335 poetas
406 4244 552 4313 Graecos
573 4254 606 4312 st
627 4244 787 4334 inprimis
805 4244 1043 4314 Alexandrinos
1056 4244 1231 4315 imitandos
