3342 5200
597 685 621 737 V
656 685 704 738 DE
720 683 901 738 ffloumvs
918 683 1069 736 camur
1313 680 1372 746 123

315 874 381 919 non
413 861 479 919 tam
513 874 532 917 e
562 859 672 916 mente
700 849 907 917 metricorum
939 849 1093 918 adcurate
1112 848 1264 917 locutum
1292 870 1363 914 esse

315 992 414 1057 qnam
443 991 557 1035 uersus
592 968 725 1056 acerbos
758 978 791 1034 et
822 968 1008 1033 aculeorum
1038 966 1151 1055 plenos
1179 967 1364 1052 significare

312 1086 455 1153 uoluisse
475 1109 517 1152 ex
539 1087 680 1152 carmine
701 1091 766 1150 Luu
788 1085 808 1150 6

576 1218 719 1283 Irascere
738 1222 840 1282 itnum
861 1219 939 1283 nreia
959 1217 1071 1282 iamin

575 1335 803 1413 immerentibus,
823 1336 913 1401 nnioe
933 1336 1101 1420 inperator,

313 1480 411 1536 etex
437 1469 712 1557 hendecasyllabis
742 1470 860 1557 quibus
888 1468 1208 1559 Rauidominitatus
1236 1478 1285 1535 est
1306 1468 1362 1533 ad-

311 1596 406 1675 paret
429 1588 553 1672 (xxxx)

454 1742 608 1805 quaenam
630 1732 658 1784 te
680 1696 761 1784 inula
783 1742 875 1802 mens,
896 1719 1009 1783 miselle
1028 1721 1157 1802 Barim,

453 1840 519 1924 opit
536 1836 733 1921 poecpitern
753 1835 788 1902 in
809 1857 893 1901 nceos
914 1835 1063 1901 iambos?

310 1994 430 2081 quibus
461 2014 574 2059 uersus
606 1992 726 2059 Catulli
756 2017 774 2057 a
804 2001 975 2058 comment.
1006 1991 1105 2080 Gruq.
1127 1993 1207 2057 Hor.
1230 2014 1359 2057 carme

312 2112 352 2177 16
365 2111 408 2175 24
423 2118 571 2175 seruatus
591 2110 635 2176 At
647 2134 708 2175 non
722 2111 850 2198 effieqies
870 2133 950 2175 meos
970 2110 1087 2174 iambos
1108 2106 1285 2173 simillimus
1300 2118 1359 2175 est.

392 2221 508 2294 ‘Soles’
517 2226 618 2314 igitur
631 2226 677 2291 illi
685 2220 833 2292 ‘candidi‘
845 2249 925 2315 quos
938 2227 971 2291 in
984 2225 1124 2291 carmine
1139 2234 1254 2291 octauo
1269 2247 1359 2311 prae·

310 2335 432 2410 dicaiiit
453 2343 558 2409 denuo
583 2355 699 2430 poetae
727 2343 845 2409 exoriri
873 2344 1067 2410 uidebantur
1089 2368 1096 2407 :
1119 2342 1281 2409 fortunam
1304 2340 1360 2406 diu

310 2461 525 2528 desideratam
553 2460 750 2549 reciperasse
772 2460 859 2526 etin
881 2461 1112 2549 sempiternum
1134 2471 1260 2548 tempus
1282 2460 1359 2525 reci-

309 2601 441 2667 perasse
457 2600 493 2642 se
508 2577 653 2644 Catullus
669 2578 870 2666 opinabatur.
901 2579 959 2647 sed
972 2578 1054 2645 haec
1067 2577 1174 2666 opinio
1190 2578 1360 2644 falsissima

309 2695 379 2760 fuit.
422 2694 541 2761 Lesbia
562 2694 645 2761 enim
661 2704 738 2760 tunc
753 2718 819 2760 non
840 2695 934 2761 aliter
954 2705 1054 2784 atque
1075 2705 1172 2762 antea
1193 2718 1228 2759 se
1249 2696 1359 2783 gessit.

312 2812 398 2878 unde
419 2811 549 2878 tandem
568 2812 684 2878 mulier
698 2834 781 2900 quae
796 2813 858 2878 nisi
871 2811 1038 2899 peierandi
1051 2835 1164 2879 caussa
1177 2835 1241 2878 non
1252 2813 1359 2878 iurare

311 2929 485 2995 uidebatur
512 2928 617 2995 subito
647 2928 744 2994 fidem
771 2939 803 2995 et
825 2928 1016 3017 religionem
1039 2952 1168 2995 seruare
1190 2928 1358 2995 disceret?

310 3057 380 3112 tum
401 3045 531 3111 demum
553 3044 702 3113 Catullus
724 3047 928 3134 indulgentia
955 3047 1042 3113 omni
1074 3056 1107 3114 et
1134 3046 1289 3133 patientia
1311 3068 1358 3111 se

310 3163 419 3252 posita
445 3164 586 3228 animum
614 3164 736 3250 recepit
763 3174 863 3252 atque
895 3165 1026 3232 sanitati
1054 3163 1230 3230 oboediuit.
1272 3162 1358 3228 haud

310 3289 502 3346 cunctanter
523 3282 609 3345 enim
630 3291 727 3369 poeta
749 3280 913 3352 uinculum
926 3281 1056 3347 foedum
1079 3290 1167 3347 etse
1188 3279 1359 3364 indignum

309 3397 526 3483 dirempturus
548 3395 687 3462 Lesbiae
708 3395 879 3462 amicitiam
904 3407 936 3464 et
956 3419 1098 3464 amorem
1120 3396 1358 3483 inperpetuum
1451 3462 1454 3469 ,

310 3513 516 3579 renuntiauit
569 3514 653 3579 banc
684 3513 956 3579 renuntiationem
992 3537 1087 3601 quam
1127 3535 1224 3599 aegre
1260 3523 1358 3599 poeta

308 3629 483 3718 perfecerit
505 3630 677 3713 attulerit,
700 3630 851 3715 cognosci
873 3631 948 3695 licet
969 3652 1011 3694 ex
1033 3631 1175 3696 carmine
1197 3649 1299 3696 Lxxvr
1322 3631 1362 3695 Si

308 3769 373 3834 qna
401 3747 577 3812 recordanti
595 3746 755 3832 tantan
785 3752 894 3832 priora
920 3750 1057 3832 uoluptas
1064 3797 1073 3829 ,
1106 3749 1197 3813 cuius
1217 3748 1358 3814 suauita-

308 3873 375 3930 tem
397 3885 502 3949 pauca
523 3862 596 3928 libri
619 3863 793 3930 Catulliani
816 3864 959 3929 carmina
980 3864 1201 3953 aequiperant.

412 3995 560 4079 Difficile
581 4009 636 4078 est,
668 3997 774 4085 inquit
799 4006 911 4085 poeta,
942 3999 1067 4083 lonpurn
1095 3999 1189 4064 cubio
1209 4002 1358 4084 deponere

1076 4140 1216 4182 amorem.

461 4227 592 4319 difficile
611 4241 665 4308 eat,
687 4252 797 4297 aaran
816 4230 873 4298 loo
894 4254 957 4322 qna
977 4234 1052 4299 lubet
1072 4231 1200 4318 efficiar.
