3342 5200
323 614 356 663 61
598 609 651 662 ΙΠΙ
684 611 733 663 ΒΕ
750 610 931 664 Auoelovs
947 610 1103 664 cmm

323 776 472 862 optandos
494 776 602 862 fuisse
621 799 712 863 quom
732 777 785 842 bos
808 779 977 863 [leprosus
1003 779 1152 844 mois?
1195 802 1257 867 pro
1287 779 1371 846 Geel.

322 894 365 957 20
385 893 427 957 49
442 894 614 978 flopmotio
634 897 795 960 oculorum.

405 1010 521 1097 Neque
543 1009 690 1077 iniustius
713 1010 962 1098 quadrentsriee
982 1033 1101 1079 nomen
1120 1009 1371 1098 ignominiosum

323 1126 456 1193 Clodiae
487 1126 624 1193 inditum
663 1148 734 1192 esse
767 1127 875 1194 omnis
905 1128 1051 1196 clement.
1100 1129 1164 1193 ism
1198 1151 1301 1216 suprs
1331 1152 1370 1195 ex

322 1243 477 1310 Caeliana
493 1245 531 1309 15
552 1244 594 1308 36
614 1245 719 1310 locum
741 1244 968 1312 adfersbsmus
988 1267 1053 1332 quo
1074 1245 1201 1312 Tullius
1224 1243 1370 1312 Clodiam

321 1384 394 1426 oum
408 1359 525 1426 Publio
540 1360 640 1425 fratrs
663 1384 819 1448 gemens
840 1361 998 1428 incestum
1018 1362 1133 1427 fecisse
1145 1371 1262 1448 aperte
1283 1361 1368 1428 dicit.

320 1487 490 1564 praeterea
523 1475 607 1541 idem
641 1477 803 1564 flagitium
832 1477 866 1542 in
899 1477 1041 1544 eiusdem
1072 1477 1230 1545 orationis
1263 1477 1304 1543 13
1327 1477 1367 1544 32

321 1592 532 1680 significetur,
554 1596 635 1679 qood
654 1593 773 1679 quidem
787 1594 925 1677 facerem
946 1594 1172 1677 uehementius,
1193 1595 1263 1660 m’si
1280 1596 1367 1660 oso*

321 1710 459 1775 oederent
478 1713 555 1776 miei
583 1712 756 1776 inimisiteise
784 1734 851 1776 eum
879 1713 966 1777 s'sts'm
986 1711 1131 1779 mulieres
1152 1715 1239 1792 uiro,
1263 1710 1367 1797 smtre

319 1830 406 1892 solves·
425 1827 534 1905 decre,
555 1852 676 1911 semper
698 1831 744 1892 lec
768 1851 845 1893 erro.
887 1828 927 1894 ef.
953 1828 995 1892 32
1018 1826 1059 1892 78
1079 1850 1117 1892 ne
1137 1829 1244 1892 eodem
1266 1830 1369 1893 mulier

319 1968 387 2008 oum
409 1967 462 2008 suo
483 1946 614 2031 oooioqe
638 1957 665 2007 et
683 1942 793 2028 fraere
819 1946 1033 2029 turpssss’mom
1054 1946 1198 2009 latronem
1217 1948 1367 2031 eripuisse

319 2074 346 2125 et
379 2061 617 2125 honestissimos
648 2062 862 2124 adolescentem
896 2060 1085 2145 oppressisse
1122 2061 1288 2142 os'deotur,
1326 2060 1365 2125 de

318 2178 414 2241 domo
437 2175 478 2239 34
499 2175 540 2239 92
567 2198 627 2240 oon
653 2188 716 2240 tom
746 2176 882 2241 insolens
908 2199 976 2240 sum
1002 2177 1083 2262 qood
1103 2175 1208 2240 Iouem
1230 2198 1300 2242 esse
1321 2201 1367 2240 me

317 2294 384 2358 dieo
411 2315 501 2378 quom
531 2292 704 2357 ineruditus
725 2294 804 2379 quod
823 2291 1005 2357 Mineruam
1025 2315 1161 2357 sororem
1189 2290 1283 2358 Ious's
1302 2317 1365 2358 esse

318 2412 461 2475 existimo.
503 2408 561 2472 sed
586 2421 685 2472 tomen
707 2431 760 2493 epo
782 2408 866 2472 mihi
883 2431 1016 2474 sororem
1035 2408 1194 2495 us'rpe'oem
1214 2411 1365 2473 oseisoos

317 2538 347 2588 tu
383 2548 514 2590 sororem
548 2537 632 2588 tuom
667 2526 817 2613 uirps'oem
859 2546 925 2590 esse
966 2548 1025 2589 nos
1069 2525 1143 2589 ss'sts'.
1201 2525 1260 2589 sed
1291 2523 1365 2590 uide

316 2665 355 2706 oe
374 2653 406 2705 tu
427 2655 453 2706 te
474 2643 587 2706 debeas
608 2642 711 2706 Iouem
744 2641 848 2706 dicere
876 2644 958 2728 qood
982 2654 1015 2706 tu
1041 2643 1111 2707 iure
1136 2643 1265 2707 eaodem
1285 2666 1363 2709 soro

314 2781 376 2823 rem
398 2771 425 2822 et
444 2782 565 2822 exorem
586 2759 745 2844 adpellare
762 2761 876 2843 possis.
918 2780 957 2824 en
981 2781 1091 2824 rursus
1101 2746 1199 2845 Ἥρα
1219 2761 1362 2840 βοῶπις.

313 2886 483 2962 praeterea
506 2874 545 2939 of.
564 2897 596 2961 p.
618 2874 705 2941 Cael.
728 2875 821 2940 1638
844 2875 884 2942 de
901 2876 1030 2963 herusp.
1046 2898 1130 2963 resp.
1144 2876 1189 2942 20
1200 2877 1254 2943 42.
1269 2877 1310 2943 27
1322 2876 1362 2944 59

313 3015 345 3079 p.
373 2991 479 3057 Sestio
504 2991 541 3054 17
571 2992 612 3056 39
641 2991 682 3058 ad
715 2995 786 3058 Ate.
807 2997 825 3057 ii
852 2995 868 3055 l
891 2994 912 3058 5
934 2993 976 3058 sd
998 2991 1040 3072 Q.
1062 2992 1102 3058 fr.
1124 3016 1143 3057 ιι
1165 2993 1229 3058 32
1256 2993 1362 3061 Vellei

312 3109 439 3173 Petere.
463 3107 650 3174 1145P1ut.
683 3107 751 3176 cie.
781 3109 833 3174 29.
876 3131 1046 3175 numerum
1077 3120 1261 3175 amatorum
1291 3133 1360 3197 pso

312 3247 465 3308 magnum
488 3225 604 3312 quibus
625 3236 754 3312 praeter
773 3226 906 3292 fratrem
930 3225 1044 3292 Clodio
1064 3225 1106 3292 ed
1126 3225 1293 3293 libidinem
1315 3227 1360 3293 in·

312 3340 490 3407 satiabilem
522 3341 714 3427 explendam
747 3342 912 3425 utebatur,
946 3339 1061 3408 Cicero
1090 3364 1121 3427 p.
1144 3340 1234 3408 Cael.
1258 3343 1298 3409 13
1319 3343 1360 3409 32

311 3456 360 3522 his
374 3459 482 3524 uerbis
494 3460 610 3524 acerbe
621 3458 751 3543 indicet,
767 3484 864 3546 neque
879 3465 956 3525 enim
971 3460 1124 3525 snuHebres
1138 3483 1285 3547 umquam
1299 3464 1358 3527 ins·-

311 3576 437 3638 me'eits‘os
451 3576 527 3639 milei
532 3578 680 3662 pereodos
688 3580 803 3661 putaui,
814 3577 998 3661 praesertim
1012 3599 1081 3640 osen
1095 3598 1132 3640 eo
1145 3598 1242 3662 quom
1255 3600 1359 3643 omnes

310 3712 432 3774 semper
452 3684 591 3755 ‘amicam
614 3682 757 3756 omne‘om'
768 3697 868 3777 potius
883 3716 977 3778 quom
998 3693 1178 3778 ooeissqoom
1192 3693 1358 3759 inimsoom

306 3817 497 3891 putauerunt.
546 3805 672 3871 illorum
704 3829 745 3871 ex
773 3830 907 3873 numero
937 3829 1037 3871 unum
1064 3815 1211 3890 tantum,
1248 3819 1285 3875 ut
1316 3808 1357 3875 do

310 3919 438 3988 Catullo
461 3924 571 4009 eisque
592 3945 674 4009 quos
695 3924 781 3988 solus
802 3924 854 3989 hio
875 3933 1103 3990 commemoret
1125 3936 1271 4011 taceam,
1304 3926 1356 3992 ed·

309 4037 450 4102 curatius
472 4037 629 4103 nouimus.
672 4039 699 4103 is
720 4048 770 4105 est
790 4041 834 4105 M.
859 4039 989 4107 Caelius
1010 4040 1115 4105 Rufus
1136 4049 1256 4108 orator.
1300 4042 1355 4132 qui

309 4174 382 4219 oum
397 4151 544 4219 Clodiam
565 4176 674 4220 amore
689 4155 858 4242 coepisset,
880 4179 944 4245 quo
966 4155 1167 4222 commodius
1180 4156 1266 4225 hano
1288 4181 1355 4225 rem
