3342 5200
301 665 350 713 222
501 658 578 711 VIIII
611 659 659 709 DE
677 656 835 710 elusum
853 658 899 708 ΕΤ
915 656 1146 709 causamme

301 836 333 892 et
368 828 531 912 Hauptius
564 835 638 913 post
671 846 799 889 uersum
843 822 972 889 tertium
1006 834 1038 889 et
1076 824 1224 909 quintum
1264 823 1346 888 lacu·

299 966 360 1010 nae
391 943 485 1031 signa
513 951 699 1029 posuerunt.
742 942 904 1007 Antonius
933 940 1124 1005 Parthenius
1152 964 1171 1005 e
1199 942 1347 1005 uersibus

299 1060 349 1124 his
381 1069 504 1146 septem
534 1059 597 1124 duo
629 1059 707 1124 fecit
736 1058 878 1123 carmina
913 1058 959 1140 (u.
991 1052 1083 1121 1'-3
1113 1067 1146 1122 et
1173 1079 1205 1121 u.
1228 1057 1347 1142 4-7),

300 1199 437 1263 quorum
467 1186 641 1265 utrumque
669 1175 815 1240 mutilum
848 1175 901 1240 uel
930 1174 1117 1240 lacunosum
1145 1183 1238 1239 esset.
1278 1173 1347 1238 fere

300 1294 412 1359 eadem
440 1316 542 1380 nuper
571 1281 755 1358 Pleitnerus
780 1290 980 1357 incredibilia
1007 1292 1140 1377 insuper
1167 1290 1347 1356 alucinatus

297 1409 349 1495 (in
379 1410 485 1476 libello
517 1430 614 1497 quem
652 1431 750 1496 supra
785 1408 883 1472 citaui
914 1430 946 1494 p.
978 1407 1031 1492 17)
1064 1414 1097 1472 et
1128 1406 1348 1473 Rossbachius

300 1527 571 1592 coniectauerunt.
613 1546 720 1614 neque
750 1534 859 1590 umen
892 1524 931 1589 de
963 1524 1103 1590 carmine
1138 1523 1276 1605 mutila,
1308 1544 1348 1588 ne

300 1643 402 1709 dicam
425 1642 465 1707 de
487 1642 613 1708 duobus
635 1640 840 1722 carminibus,
863 1640 1008 1726 cogitare
1028 1662 1159 1706 necesse
1179 1642 1347 1723 habemns,

301 1759 474 1824 dummodo
500 1782 542 1824 ne
568 1759 641 1825 ideo
671 1758 758 1846 quod
784 1758 826 1823 ad
853 1780 935 1845 quos
962 1758 1107 1823 homines
1133 1769 1165 1823 et
1191 1779 1346 1846 quaeres

299 1886 397 1963 poeta
407 1876 440 1941 in
451 1877 512 1941 hoc
523 1875 664 1942 carmine
675 1876 855 1962 respexerit
862 1876 1059 1961 ignoramus,
1071 1875 1240 1962 superbius
1249 1897 1347 1962 nege

299 2015 370 2058 mus
392 2015 505 2058 uersus
518 1992 589 2058 illos
607 1992 763 2077 coniungi
785 1999 817 2056 et
834 1990 979 2076 intellegi
994 2014 1099 2079 posse.
1134 1992 1346 2079 nequeenim

299 2109 397 2174 ullum
425 2109 599 2197 uestigium
631 2110 664 2175 in
695 2107 785 2174 libris
811 2130 909 2173 manu
937 2108 1065 2196 scriptis
1092 2118 1139 2174 est
1167 2130 1233 2195 quo
1262 2109 1346 2174 ratio

297 2224 426 2291 illorum
440 2227 584 2292 uirorum
599 2227 766 2292 doctorum
785 2225 984 2291 defendatur.
1022 2248 1096 2290 nam
1118 2234 1346 2311 argumentum

299 2365 364 2429 quo
385 2344 532 2408 lacunam
553 2354 628 2430 post
641 2366 770 2408 uersum
785 2343 924 2431 primum
939 2342 1110 2408 indicatam
1126 2341 1346 2407 Rossbachius

297 2457 441 2524 defendit
466 2459 522 2545 (ad
550 2481 662 2524 uersus
690 2461 775 2524 enim
797 2479 820 2525 L
844 2460 883 2524 16
904 2469 936 2524 et
958 2458 996 2522 17
1025 2457 1170 2534 inlibris
1193 2458 1345 2524 omnibus

298 2583 369 2661 post
390 2594 454 2639 nun
479 2576 495 2639 1
518 2574 599 2641 falso
615 2576 748 2643 iteratos
761 2575 966 2664 prouocauit)
986 2575 1077 2641 futile
1099 2584 1149 2642 est
1171 2576 1233 2642 :id
1256 2575 1344 2666 quod

296 2690 324 2756 is
346 2691 401 2778 qui
421 2715 552 2758 caussas
573 2693 666 2759 huius
687 2693 887 2780 repetitionis
917 2702 949 2757 et
974 2692 1091 2758 similia
1115 2692 1267 2781 exempla
1289 2693 1344 2777 (cf.

298 2828 396 2872 vaur
420 2809 459 2873 16
485 2819 559 2895 post
586 2809 728 2875 eiusdem
757 2810 907 2875 carminis
928 2833 959 2875 u.
981 2811 1023 2874 49
1043 2819 1076 2875 et
1096 2830 1186 2874 vau
1208 2809 1246 2873 21
1271 2819 1346 2898 post

298 2943 387 2988 nxrru
408 2924 470 2988 386
491 2925 573 2991 falso
594 2928 731 2992 insertos
752 2937 785 2992 et
807 2927 944 3014 Hauptii
964 2936 1087 3014 quaest.
1105 2925 1223 2993 Catull.
1238 2949 1272 3014 p.
1287 2927 1342 3008 43)

298 3043 513 3107 considerauit
539 3044 632 3109 facile
660 3045 824 3110 concedet
873 3066 978 3130 neque
1005 3065 1043 3107 eo
1078 3043 1163 3131 quod
1190 3042 1223 3108 in
1253 3043 1344 3109 libris

297 3157 485 3224 Catullianis
508 3164 660 3246 postumi
674 3162 696 3227 b
716 3161 924 3227 interstitium
939 3170 997 3244 est,
1020 3183 1084 3247 qua
1099 3182 1134 3225 re
1149 3160 1344 3226 Parthenius

296 3273 329 3338 in
351 3277 510 3342 sententia
539 3299 596 3341 sua
617 3277 819 3343 defendenda
841 3301 917 3343 usus
948 3288 1011 3360 est,
1043 3277 1158 3343 diuisis
1190 3298 1343 3343 uersuum

296 3392 438 3478 priorum
471 3403 502 3457 et
533 3392 747 3480 posteriorum
779 3396 1020 3462 commendatur
1041 3421 1048 3461 :
1069 3419 1142 3461 nam
1171 3393 1344 3460 interstitia

298 3509 481 3594 saepissime
502 3509 535 3575 in
556 3510 645 3576 libris
668 3512 787 3578 Catulli
808 3513 887 3578 locis
909 3513 1110 3579 alienissimis
1132 3522 1224 3594 sunt,
1246 3535 1344 3598 quam

296 3646 364 3689 rem
392 3648 456 3691 uuo
485 3627 647 3694 luculento
670 3631 818 3717 exemplo
840 3630 1010 3696 inlustrare
1036 3630 1155 3696 lubet:
1183 3631 1233 3696 ab‘
1252 3629 1344 3695 initio

296 3742 381 3805 enim
411 3743 558 3808 carminis
588 3765 631 3809 nu
661 3768 763 3833 usque
795 3746 834 3811 ad
864 3746 962 3811 finem
991 3745 1140 3811 carminis
1163 3766 1210 3810 nv
1230 3767 1344 3810 uersus

296 3860 559 3946 omnesduobus
586 3871 711 3927 tantum
736 3863 915 3927 interstitiis
937 3864 1022 3937 inter
1043 3885 1077 3926 se
1099 3862 1238 3949 separati
1260 3874 1343 3944 sunt,

297 3997 433 4060 quorum
455 3977 590 4041 alterum
611 3988 685 4064 post
706 3999 760 4043 nur
781 3981 803 4042 4
823 3979 960 4046 alterum
980 3991 1056 4067 post
1076 3999 1141 4045 Luu
1163 3982 1185 4046 5
1206 3990 1307 4046 extat.

379 4090 460 4156 Oum
477 4091 643 4180 Scaligero
665 4097 764 4182 igitur
785 4096 905 4184 Vulpio
927 4098 1106 4182 Deeringio
1128 4096 1342 4179 Froehliehio,

295 4216 438 4272 ceterum
459 4208 492 4274 in
515 4211 654 4276 carmine
675 4213 735 4278 hoc
757 4215 957 4291 emendando
971 4213 1123 4302 nugatori
1136 4214 1342 4297 intolerabili,
