3342 5200
316 669 367 719 188
517 665 594 717 vnn
628 666 676 718 DE
693 665 851 718 CAESARE
869 667 915 719 ET
933 665 1167 720 causamme

314 842 346 898 et
365 832 404 898 L.
423 832 582 899 Marcium
603 832 787 922 Philippum
807 832 840 899 in
862 833 947 899 uillis
967 814 1154 899 Puteolanis
1176 833 1268 899 uisos
1289 854 1358 898 esse

312 948 457 1016 narrauit
478 959 511 1015 et
531 949 618 1016 hisae
638 951 745 1016 uerbis
767 973 831 1038 quo
851 950 947 1015 modo
968 944 1092 1038 ‘hospes
1113 950 1166 1015 ille
1187 944 1312 1038 granis'
1325 972 1358 1015 se

313 1068 467 1155 gessisset
488 1067 679 1155 descripsit:
700 1069 756 1133 illa
775 1069 872 1132 tertiis
885 1068 1103 1133 Saturnalibus
1124 1068 1215 1153 apud
1229 1068 1357 1153 Pbilip·

311 1210 386 1272 pam
408 1184 453 1251 ad
469 1186 575 1251 boram
588 1209 630 1252 vn
652 1210 704 1250 nec
725 1208 902 1272 quamquam
923 1186 1075 1250 admisit:
1096 1190 1227 1250 rationes
1249 1184 1358 1270 opinor

312 1328 382 1369 cam
405 1304 514 1368 Balbo.
550 1305 617 1367 inda
646 1302 858 1367 ambulatilia
883 1304 979 1367 litore.
1019 1314 1091 1388 poet
1115 1302 1225 1367 boram
1245 1307 1300 1366 viu
1322 1302 1357 1367 in

311 1423 448 1486 babucum
469 1443 477 1485 ι
499 1431 557 1485 tam
579 1419 702 1486 audiuit
729 1423 766 1485 da
784 1419 948 1484 Mamurra
968 1444 979 1484 .·
999 1422 1112 1485 nultum
1132 1444 1191 1485 aon
1212 1419 1355 1484 mutauit.

310 1550 418 1602 anetae
439 1550 496 1618 eet,
530 1536 686 1619 adcubuit,
715 1530 866 1623 ἐμετικὴν
895 1536 1014 1625 apebat.
1056 1535 1223 1601 Manutius
1255 1534 1357 1600 uerba

311 1656 449 1722 obscura
470 1656 588 1720 audiuit
608 1655 647 1721 de
665 1654 832 1721 Mamurra
853 1681 864 1721 .·
884 1678 945 1720 non
960 1659 1085 1719 mutauit
1105 1644 1251 1737 (annum’
1271 1650 1356 1717 enim

311 1771 416 1836 omitti
447 1771 551 1856 iubet)
584 1771 624 1836 de
654 1771 820 1838 Mamurra
841 1795 859 1837 e
880 1771 953 1857 lege
984 1770 1185 1857 sumptuaria
1206 1767 1356 1833 condem·

310 1899 397 1972 nato,
419 1888 507 1977 quod
521 1888 673 1954 iudicium
688 1887 807 1955 Caesar
821 1887 1012 1954 auctoritate
1027 1910 1085 1953 sua
1106 1885 1356 1969 confirmauerit,

309 2005 477 2071 intellexit
519 2006 609 2071 euius
641 2007 826 2094 opinionem
856 2007 1064 2072 Drumannus
1095 2002 1262 2087 (historiae
1292 2003 1357 2070 Ro

310 2145 423 2188 manae
452 2147 481 2188 ιιι
511 2122 586 2205 738,
615 2123 670 2201 85)
702 2124 858 2189 refutauit
887 2124 954 2210 ipse
985 2119 1132 2188 Lambini
1161 2121 1357 2186 seutentiam

309 2240 461 2329 probans,
483 2240 538 2329 qui
561 2240 679 2306 Catulli
700 2243 731 2306 in
748 2241 921 2310 Caesarem
942 2251 974 2307 et
997 2240 1192 2304 Mamurram
1213 2237 1358 2304 carmina

310 2356 445 2424 coniecit
465 2357 601 2422 recitata
623 2379 711 2439 esse,
747 2379 830 2445 quae
853 2357 990 2422 dictator
1011 2355 1102 2421 uultu
1125 2354 1301 2441 tranquillo
1325 2364 1357 2421 et

309 2496 413 2564 aequo
452 2475 558 2539 animo
598 2473 766 2539 audiuerit.
820 2473 876 2539 sed
911 2495 953 2539 ne
983 2474 1044 2539 hoo
1077 2471 1206 2561 quidem
1242 2494 1356 2538 uerum

309 2615 378 2659 esse
399 2603 515 2680 potest,
539 2573 692 2681 quoniam
714 2615 797 2680 quae
819 2615 903 2658 anuo
926 2590 1042 2666 toalea
1064 2589 1187 2659 Catulli
1209 2589 1357 2657 earmina

308 2711 465 2799 probrosa
501 2709 628 2776 recitari
666 2718 841 2798 potuerunt
852 2760 861 2793 ,
898 2732 936 2775 ea
972 2709 1036 2774 iam
1070 2707 1191 2774 dudum
1222 2707 1357 2777 Caesari

310 2826 442 2913 cognita
473 2827 621 2904 fueraut,
657 2850 730 2892 oum
758 2826 904 2893 Catullus
936 2827 1000 2893 iam
1034 2836 1158 2914 septem
1193 2826 1246 2892 uel
1283 2836 1356 2892 octo

310 2944 400 3010 annis
418 2954 492 3010 ante
515 2955 660 3010 mortuus
679 2953 772 3027 esset,
792 2954 824 3009 et
841 2945 909 3010 sine
927 2945 993 3010 ullo
1012 2943 1108 3010 dubio
1129 2944 1218 3010 locus
1240 2944 1297 3010 ille
1316 2945 1356 3011 de

309 3082 413 3126 nonae
434 3070 560 3126 tantum
581 3061 628 3126 rei
650 3062 762 3127 nuntio
785 3061 930 3149 intellegi
953 3071 1068 3150 potest.
1113 3074 1225 3128 eontra
1247 3063 1357 3128 omnia
1404 3118 1409 3137 ,

310 3177 392 3242 bene
413 3202 447 3242 se
468 3178 597 3261 habent,
619 3179 646 3244 si
668 3178 708 3244 de
729 3179 913 3244 Mamurrae
935 3189 1037 3245 morte
1058 3203 1132 3245 eum
1153 3178 1356 3268 Nipperdeio

309 3291 363 3358 illa
388 3293 611 3381 intellegimus.
654 3318 738 3384 quae
759 3295 786 3362 si
800 3296 997 3383 probantur,
1018 3295 1243 3363 Weichertum
1264 3295 1355 3362 uides

311 3412 359 3494 (in
380 3409 571 3478 lectionibus
593 3388 768 3478 Venusinis
789 3437 822 3502 p.
845 3414 916 3498 61),
946 3437 1018 3479 eum
1040 3413 1240 3478 Mamurram
1259 3413 1354 3496 huuc,

309 3553 373 3618 quo
389 3540 533 3617 tempore
542 3530 697 3597 Horatius
709 3531 854 3620 quintam
865 3530 961 3621 primi
975 3531 1050 3597 libri
1063 3542 1206 3597 saturam
1216 3531 1353 3618 scripsit,

309 3647 404 3713 etiam
426 3657 495 3712 tum
516 3647 636 3713 uixisse
657 3648 827 3728 coniceret,
851 3650 1017 3715 errauisse.

389 3764 431 3830 In
460 3765 600 3830 carmine
625 3765 724 3852 igitur
753 3786 819 3832 uvu
842 3763 989 3833 Catullus
1017 3766 1134 3831 mirum
1163 3786 1353 3831 eonsensum

204 3893 211 3921 ⁸
308 3904 373 3970 quo
397 3882 518 3948 Caesar
547 3893 579 3949 et
599 3883 764 3949 Mamurra
794 3884 825 3949 in
853 3883 984 3971 flagitiis
1013 3882 1117 3948 omnis
1148 3883 1279 3970 generis
1308 3880 1353 3946 in·

309 4000 418 4087 signes
451 4009 560 4067 essent
593 4022 705 4068 seuere
732 4002 940 4090 uitupereuit.
984 4023 1023 4066 eu
1051 4000 1152 4066 habes
1184 4008 1289 4064 totum
1308 3999 1353 4064 ita

310 4130 346 4183 ut
367 4142 426 4185 nos
448 4120 578 4207 quidem
605 4119 781 4206 legendum
810 4131 843 4186 et
871 4119 1165 4207 interpungendum
1193 4140 1263 4184 esse
1284 4140 1352 4183 oeu-

309 4256 425 4301 semus.
