3342 5200
1073 365 1147 452 affl.

427 658 477 708 ete
495 696 498 701 .
811 650 891 702 XIIII
925 650 974 702 DE
991 648 1099 702 Attalo

428 823 513 887 niam
535 833 562 886 ct
581 822 716 906 qratiam
735 830 912 885 consecutus
938 822 1026 882 edam
1047 821 1079 883 ia
1097 830 1302 903 patronorum
1324 820 1397 885 asise
1416 822 1480 887 doc-

428 939 510 1004 trine
538 939 605 1003 seire
633 937 754 1022 inqcm'o
780 937 911 1023 aliquem
939 956 1096 999 numnam
1125 948 1322 1020 peruenerat.
1374 939 1429 1003 sed
1455 949 1481 1001 nt

425 1056 545 1141 psyilos
565 1054 764 1136 meceredoti,
785 1053 878 1117 etiam
900 1056 929 1117 si
945 1074 1066 1136 puqooa
1087 1064 1115 1115 et
1131 1052 1253 1140 plaqcs
1270 1053 1479 1139 Olympiorum

430 1171 538 1258 numdi
545 1171 639 1256 ferra
659 1181 791 1255 possead,
813 1169 903 1235 solem
924 1182 1020 1234 tamea
1040 1192 1132 1254 saepe
1152 1168 1241 1251 ferre
1255 1194 1319 1235 non
1332 1184 1479 1255 possunt:

430 1295 473 1354 oio
500 1288 568 1371 tlte,
597 1310 665 1352 cem
683 1288 770 1352 omni
787 1290 848 1351 iem
868 1285 1000 1371 fordare
1025 1308 1172 1372 prospere
1193 1286 1338 1371 fimctua
1364 1288 1478 1354 labores

431 1408 522 1472 etiem
537 1428 665 1493 moyam
687 1404 864 1489 excepisset,
885 1405 966 1468 altus
982 1383 1137 1468 adacte
1151 1408 1226 1468 anni
1239 1403 1389 1488 (702152,
1411 1404 1478 1470 uide

430 1523 526 1590 Bruti
546 1522 588 1587 94
608 1522 684 1605 324)
707 1526 895 1586 seueritatem
908 1521 1001 1607 quasi
1014 1523 1105 1586 solem
1117 1544 1177 1586 non
1197 1522 1276 1586 tulit.
1320 1522 1388 1589 iam
1410 1521 1478 1587 uide

432 1662 529 1729 quam
550 1639 634 1706 bene
655 1636 696 1704 ad
717 1637 913 1702 sententiam
936 1657 1032 1723 quam
1052 1633 1256 1704 'defendimus
1280 1641 1477 1729 conprobem

431 1756 505 1822 dam
537 1754 645 1820 omnia
672 1754 867 1841 conspirent.
922 1754 1069 1819 uidemus
1101 1776 1143 1819 cx
1167 1752 1346 1823 'Oicsronis
1375 1757 1477 1824 uerbis

430 1873 562 1939 Arrium
584 1870 829 1938 exoratoribus
859 1869 955 1937 ualde
981 1870 1197 1938 mediocribus
1217 1873 1331 1939 fuisse.
1374 1896 1477 1942 nenne

432 2011 520 2072 uero,
548 1989 575 2054 si
602 1987 699 2054 Arrio
728 1989 847 2053 oratori
879 1988 962 2053 melo
984 1988 1212 2075 pronuntiandi
1243 1989 1326 2056 illud
1358 1990 1477 2075 uitium,

433 2106 519 2193 quod
541 2105 657 2174 Cicero
680 2127 811 2194 quoque
831 2105 865 2170 in
885 2105 976 2172 libris
997 2104 1038 2171 de
1060 2115 1188 2172 oratore
1208 2108 1401 2194 castigeuit,
1424 2108 1478 2175 ca

432 2223 530 2289 tullus
552 2222 665 2306 obicit,
695 2224 797 2289 multo
818 2221 971 2289 maiorem
993 2221 1059 2287 uim
1079 2223 1358 2311 acerbitatemque
1379 2235 1478 2292 totum

434 2342 552 2428 accipit
582 2339 741 2406 carmen?
784 2340 900 2407 deinde
927 2339 1041 2407 Oiosre
1067 2339 1200 2407 Anium
1229 2341 1343 2407 infimo
1372 2353 1479 2410 natum

434 2480 505 2523 esse
532 2458 602 2524 loco
631 2457 718 2524 dicit.
761 2456 868 2544 quid?
897 2479 1005 2523 nonne
1032 2457 1088 2523 tali
1117 2479 1160 2524 ex
1191 2458 1322 2546 origine
1351 2460 1480 2525 Arrium

433 2575 521 2642 illem
542 2575 661 2641 rustice
688 2573 850 2665 aspirandi
880 2574 1144 2642 consuetudinem
1173 2574 1409 2664 adsumpsisse,
1438 2578 1480 2643 ite

435 2703 471 2759 ut
491 2693 601 2758 similis
622 2693 762 2780 quodam
782 2691 877 2758 modo
901 2691 1066 2781 Caepasiis
1087 2693 1260 2778 fratribus,
1289 2695 1481 2782 quibuscum

435 2809 528 2875 simul
549 2833 568 2875 a
590 2809 749 2876 Cicerone
769 2810 972 2893 nominatur,
994 2809 1157 2898 oppidano
1182 2812 1330 2900 quodam
1344 2813 1422 2896 (hoc
1436 2823 1482 2879 est

434 2921 547 3014 ‘paene
575 2921 718 3011 rustico')
749 2936 782 2993 ct
812 2926 977 2995 incondito
1008 2949 1129 3015 genere
1163 2925 1294 2994 dicendi
1330 2938 1482 3013 uteretur,

436 3043 673 3132 promptissime
694 3044 879 3112 coniectura
901 3043 978 3110 est?
1004 3045 1092 3111 illam
1113 3067 1191 3110 uero
1210 3045 1304 3111 Arrii
1326 3047 1483 3135 originem

436 3159 587 3226 humilem
622 3183 641 3225 a
677 3160 806 3229 Catullo
842 3163 989 3249 profecto
1024 3184 1172 3228 caussam
1211 3165 1484 3250 pronuntiationis

437 3277 571 3344 uitiosae
593 3278 807 3344 existimatam
829 3301 901 3346 esse
922 3281 1052 3345 tertium
1068 3279 1218 3345 carminis
1234 3280 1413 3351 distichum
1426 3283 1484 3348 hoc

436 3395 595 3484 explicate
617 3395 782 3462 declarare
802 3395 880 3462 mihi
902 3397 1032 3486 quidem
1054 3395 1210 3463 uidetur:

589 3572 680 3637 eredo
701 3571 750 3637 st'c
771 3583 876 3654 mater,
897 3573 946 3637 sic
967 3572 1064 3638 Liber
1085 3575 1260 3639 occandus
1281 3575 1362 3655 aas,
1392 3631 1396 3638 .

633 3690 678 3754 sio
698 3701 851 3754 maternas
871 3712 953 3754 aeus
974 3688 1101 3755 diseat
1120 3702 1210 3777 atquc
1230 3691 1329 3756 autam

438 3885 496 3928 cur
517 3865 603 3929 enim
625 3863 772 3932 Catullus
797 3887 862 3932 non
892 3876 1030 3954 agnatos
1058 3875 1090 3931 et
1117 3876 1275 3952 cognatos
1306 3867 1404 3936 simul
1433 3867 1485 3936 sed

439 3979 524 4046 solos
546 3991 702 4068 cognatos
724 3983 814 4049 Arrii
843 4005 898 4050 eos
927 3984 1112 4072 designauit
1132 4006 1153 4049 a
1174 3983 1293 4073 quibus
1315 3985 1399 4054 illud
1420 4009 1485 4076 pre

438 4095 647 4165 nuntiationis
668 4099 783 4167 uitium
804 4100 858 4167 ille
883 4100 1111 4168 hereditarium
1137 4102 1331 4190 acceperit?
1360 4104 1402 4171 de
1429 4105 1485 4170 huc

440 4235 477 4280 re
498 4212 561 4277 iem
575 4215 738 4282 Antonius
752 4217 956 4304 Parthenius,
978 4220 1082 4308 quiin
1097 4218 1224 4288 Catullo
1240 4220 1484 4312 interpretando
