3342 5200
420 689 470 738 ⁸⁴2
505 685 582 739 xm!
609 685 656 738 DE
674 683 812 738 munio
829 684 1023 749 TORQVATO
1040 684 1088 738 ΕΤ
1104 685 1203 736 vruls
1219 683 1473 738 dunvucvmls

417 852 526 918 insunt
566 849 697 918 omnino
738 848 815 916 nihil
849 850 975 918 discors
1009 871 1181 936 possumus
1218 869 1325 936 neque
1361 859 1473 916 scente

419 965 530 1033 mulii
558 977 706 1054 rsspects
736 965 832 1032 ullum
862 966 940 1034 setis
968 967 1156 1032 sdcnrstsm
1176 965 1398 1032 definitionem
1417 966 1472 1032 sd-

419 1082 593 1172 sequimur.
636 1093 743 1150 umen
765 1082 851 1148 hsud
872 1082 939 1148 scio
960 1103 1001 1148 so
1023 1081 1057 1148 id
1087 1083 1243 1168 temporis
1269 1092 1473 1148 momentum

419 1209 495 1266 snos
524 1197 610 1288 quod
637 1197 784 1266 Catullus
816 1220 947 1264 carmen
976 1217 1033 1266 uxr
1067 1198 1230 1286 scripserit
1259 1219 1391 1264 necesse
1420 1209 1474 1266 est

422 1315 557 1384 definire
578 1315 672 1383 nobis
693 1315 873 1402 continges„

419 1452 426 1473 ¹
502 1433 556 1500 Ad
585 1431 741 1498 Msnlium
776 1429 932 1514 eundem,
963 1432 1055 1496 cuius
1084 1431 1195 1497 honori
1223 1429 1371 1500 Ostullus
1404 1453 1475 1497 csr·

420 1550 506 1616 minc
551 1567 607 1614 uxr
650 1548 865 1635 conponeudo
905 1547 1087 1629 consuluit,
1133 1547 1231 1613 etism
1272 1561 1396 1630 πων,
1433 1548 1475 1613 de

421 1686 486 1752 quo
515 1664 578 1730 ism
606 1685 705 1751 suprs
731 1685 761 1750 p.
786 1663 847 1726 124
868 1658 1124 1750 disputsuimus,
1155 1671 1283 1748 poetum
1305 1661 1473 1729 Veronen-

381 1750 386 1805 Ἰ
422 1801 490 1846 sem
518 1779 644 1846 misisse
672 1781 741 1846 ueri
770 1778 964 1845 simillimum
992 1790 1043 1846 est
1067 1792 1100 1847 et
1122 1779 1185 1844 ism
1206 1778 1331 1867 pridem
1353 1802 1372 1844 s
1392 1779 1474 1846 uiris

422 1897 525 1964 doctis
546 1896 747 1964 ednotstnm.
790 1897 818 1963 si
839 1896 873 1961 in
894 1895 1032 1962 diuersis
1057 1895 1201 1962 eiusdem
1222 1906 1339 1983 poetse
1360 1897 1474 1962 curmi-

422 2014 516 2084 nibus
548 2016 661 2081 eudem
693 2013 860 2079 hominum
891 2012 1024 2078 nomins
1057 2013 1264 2100 reperiuntur
1298 2023 1396 2100 etque
1431 2013 1475 2080 de

421 2130 606 2198 hominibus
627 2128 698 2212 illis,
720 2139 755 2194 ut
776 2129 822 2194 ite
843 2128 958 2211 dicsnu
980 2129 1227 2215 cognominibus
1245 2128 1308 2196 nisi
1321 2153 1373 2197 ree
1388 2130 1475 2196 bens

421 2248 506 2314 inter
534 2269 569 2312 se
597 2244 804 2312 concinentes
833 2267 897 2310 non
936 2253 1125 2327 narrantur,
1159 2267 1286 2311 sumere
1318 2247 1388 2312 sine
1417 2247 1475 2313 du·

422 2364 477 2430 bio
517 2362 594 2428 licet
625 2362 756 2428 nomine
785 2359 899 2426 eodem
932 2360 1069 2428 eundem
1103 2361 1267 2448 designari
1299 2361 1474 2429 hominem.

422 2502 519 2567 qusm
547 2476 705 2545 ostionem
732 2476 833 2544 secuti
863 2477 943 2542 nihil
971 2477 1127 2544 hebemus
1147 2500 1213 2564 quo
1234 2475 1393 2544 Manlium
1417 2479 1475 2544 Vi·

423 2597 495 2663 nise
523 2596 671 2663 moritum
704 2605 737 2660 et
765 2593 923 2661 Manlium
954 2593 1105 2661 carminis
1138 2610 1253 2663 uxvru·
1279 2594 1357 2680 (hoc
1387 2600 1475 2663 enim
1594 2675 1595 2680 ἵ

423 2734 541 2781 nomen
560 2736 619 2779 nos
640 2722 752 2779 tenere
766 2734 873 2801 neque
888 2711 1087 2779 Lachmanni
1110 2713 1329 2780 coniectorem
1347 2716 1475 2781 Meos
1594 2785 1595 2800 χ

424 2832 562 2917 prebere
583 2829 647 2895 ism
667 2853 698 2918 p.
720 2828 758 2893 71
782 2828 941 2913 diximus)
972 2851 1073 2895 unum
1096 2841 1193 2919 etque
1214 2831 1352 2897 eundem
1373 2832 1475 2897 homi-
1594 2869 1595 2874 κ

422 2968 497 3011 uem
518 2946 617 3012 fuisse
645 2968 810 3033 negemus
852 2947 951 3011 immo
973 2946 1084 3013 fouent
1105 2947 1179 3011 huic
1205 2948 1386 3013 sententiae
1406 2970 1475 3013 non

424 3060 521 3127 nulls.
565 3061 673 3148 psnllo
700 3071 776 3127 aute
806 3084 847 3127 ex
875 3063 949 3127 loco
976 3060 1141 3129 Ciceronis
1166 3062 1334 3129 docuimus
1354 3064 1475 3131 Vinius

422 3179 572 3245 meritum
601 3188 770 3266 poetarum
799 3178 1013 3267 legendorum
1041 3178 1310 3246 studiosissimum
1338 3171 1438 3247 fuisse
1465 3205 1474 3247 z

422 3298 486 3365 ism
514 3294 589 3361 uide
618 3316 715 3383 quom
744 3296 826 3363 bene
854 3296 917 3362 hec
944 3318 1018 3363 cum
1046 3319 1083 3361 rs
1111 3320 1150 3361 es
1171 3320 1254 3384 quse
1275 3298 1309 3362 in
1329 3299 1475 3365 csrmine

423 3428 537 3480 uxum·
565 3412 594 3477 7.
617 3412 636 3477 8
658 3412 699 3479 de
720 3410 844 3479 Manlio
864 3413 1004 3499 legimus
1025 3424 1236 3501 congruunt:

464 3612 533 3655 oce
553 3600 722 3655 ueterum
743 3586 860 3653 dulci
885 3592 1130 3674 scriptorum
1152 3595 1323 3657 carmine
1343 3615 1476 3657 musae

523 3706 841 3782 oblectavimus
860 3729 948 3771 mene
968 3710 1065 3771 anxir
1080 3708 1257 3793 pcrsdqe‘lad.

425 3879 461 3945 L.
483 3880 640 3948 Msnlium
655 3880 857 3969 Torquatum
872 3883 924 3965 (ut
937 3881 1023 3947 hunc
1039 3881 1134 3947 etism
1150 3883 1184 3947 in
1197 3881 1340 3948 carmine
1359 3900 1476 3950 nxvur

425 3994 573 4065 Getullus
620 3998 787 4064 sdlocutue
830 3999 894 4081 sit)
933 4000 1063 4065 fortune
1103 4020 1245 4087 cesuqnc
1281 4020 1475 4087 oppressum

423 4116 540 4181 scsrbo
558 4135 628 4181 esse
644 4115 823 4202 (cxviii-1)
839 4124 936 4202 poete
946 4113 1034 4181 dicis.
1068 4113 1124 4201 qui
1144 4138 1238 4181 cesus
1253 4116 1357 4205 quslis
1372 4118 1476 4185 fuerit

422 4230 485 4297 ism
508 4230 702 4299 Parthenius
723 4242 757 4299 et
777 4232 942 4300 Pellediue
963 4230 1191 4321 dispexerunt,
1225 4254 1363 4322 quorum
1384 4234 1475 4322 prior
