3342 5200
390 602 425 655 96
674 599 699 653 V
733 598 781 651 DE
798 596 978 653 mouture
995 597 1153 654 curvum

392 766 682 855 quodragenarium
710 764 835 835 'Pullius
862 766 1035 833 inuehitur.
1077 788 1140 833 noa
1159 767 1281 851 pudet?
1321 762 1437 853 inquit,

392 885 446 949 aad
471 882 689 971 qotdpudsar
712 883 867 949 hominem
891 906 955 949 ooo
981 882 1299 963 marmanum,
1329 905 1439 947 mma

391 1001 516 1067 omniuo
545 1001 611 1067 asise
640 1005 721 1065 ore?
771 998 890 1088 quihus
924 999 1032 1065 uerbis
1062 998 1234 1065 scholiasta
1266 998 1438 1064 Bohiensis

393 1140 427 1205 p.
444 1117 523 1199 344,
547 1117 587 1182 10
606 1116 687 1182 hsec
709 1113 869 1202 ascripsit,
891 1116 982 1179 multe
1005 1136 1071 1179 cum
1091 1114 1250 1179 merhrtnte
1269 1115 1440 1180 mmnoaeit
1585 1161 1586 1170 κ

391 1246 421 1299 er
438 1235 646 1319 inpudentiam
667 1234 737 1297 eiua
757 1230 907 1317 infamem
926 1232 1143 1318 turpitudinem
1166 1234 1231 1296 sisse
1251 1230 1438 1317 deformite-

390 1363 451 1417 tero
464 1351 566 1417 uoltus
586 1350 693 1416 uolens
708 1349 908 1436 exprobrare,
927 1372 987 1415 oon
1000 1360 1110 1415 mamm
1124 1350 1192 1415 siae
1204 1348 1315 1414 rubore
1328 1371 1438 1414 aeram

391 1468 705 1533 mhsasioeoreP.
729 1468 865 1533 aarum
887 1466 969 1531 diest.
1010 1490 1082 1531 anm
1109 1468 1238 1531 traditur
1263 1467 1437 1548 formosit-

390 1584 509 1649 liberols'
534 1584 565 1649 s's
593 1582 701 1668 ferire.
746 1580 862 1650 Cicero
884 1582 985 1669 igitur
1013 1582 1086 1647 lusu
1112 1582 1356 1671 paronomasiae
1383 1582 1438 1649 od-

392 1700 493 1766 hibito
517 1701 598 1781 (aiae
617 1700 746 1765 rubore
768 1748 774 1761 .
800 1748 807 1767 .
831 1746 841 1765 .
861 1701 929 1765 sim
948 1701 1027 1783 ore)
1060 1697 1211 1766 Clodium
1239 1700 1284 1765 eit
1304 1699 1438 1787 pudoris

392 1815 510 1883 rubore
531 1816 672 1883 suffundi
692 1836 759 1883 non
780 1837 885 1904 posse,
918 1816 1068 1905 quoniam
1089 1817 1158 1883 eius
1179 1840 1215 1883 os
1235 1816 1438 1904 turpitudine

392 1942 425 1999 st
444 1932 576 2001 infamia
595 1933 787 2000 obduratum
810 1933 1012 1999 iamdudum
1031 1933 1074 2000 ab
1088 1933 1307 2001 erubescendo
1326 1933 1438 2001 desse

390 2051 512 2117 factum
540 2051 610 2117 sit:
636 2051 708 2117 ideo
729 2073 808 2117 uero
829 2073 890 2117 neo
910 2051 996 2117 istud
1017 2074 1054 2117 os
1074 2052 1220 2134 ruboris,
1252 2051 1438 2139 pulcerrimi

389 2168 485 2234 faciei
506 2168 666 2235 humanae
688 2167 883 2251 ornamenti,
913 2190 1028 2255 expers
1055 2170 1185 2256 proprie
1213 2169 1277 2235 oris
1306 2170 1438 2236 nomine

390 2285 554 2373 designari
575 2307 729 2352 nuceum
752 2285 808 2373 qui
828 2286 894 2351 tale
914 2285 1032 2351 haheat
1053 2308 1108 2353 ore
1125 2286 1287 2353 hominem
1310 2286 1438 2354 decenti

390 2402 572 2493 praeditum
604 2424 674 2468 asse
706 2402 907 2489 pronuntiari
939 2423 1043 2490 posse.
1090 2403 1181 2469 uides
1211 2404 1274 2469 hoo
1303 2402 1438 2492 quoque

389 2522 459 2588 loco
480 2543 539 2586 nos
561 2543 626 2586 non
649 2519 723 2608 cogi
744 2530 782 2585 ut
801 2529 952 2608 putemus
967 2519 1118 2586 Clodium
1131 2520 1309 2587 deformem
1323 2520 1437 2587 fuisse.

390 2649 503 2706 eontra
523 2641 605 2704 rstio
626 2639 754 2726 flagitet
774 2651 811 2706 ut
831 2641 933 2704 uerba
952 2624 1017 2722 ills,
1039 2649 1075 2704 ut
1095 2639 1247 2722 fecimus,
1268 2638 1373 2726 magis
1394 2639 1436 2706 ad

390 2757 486 2824 animi
516 2779 613 2844 quam
641 2756 682 2822 ad
709 2756 853 2844 corporis
876 2756 1110 2845 turpitudinem
1131 2756 1308 2824 referamus
1329 2781 1337 2822 ε
1358 2779 1435 2822 nam

283 2853 286 2858 ¹
389 2873 468 2962 quid
498 2874 562 2940 oris
588 2873 769 2940 formositas
798 2895 871 2940 cum
894 2873 1015 2938 rubore
1034 2873 1133 2938 habet
1154 2872 1359 2940 commune?
1402 2885 1435 2959 et

388 3014 425 3057 os
445 2990 620 3057 formosum
641 3000 674 3055 et
695 2989 839 3058 deforme
860 2989 982 3077 puriter
1002 2989 1163 3056 erubescit
1177 3015 1185 3054 :
1199 2989 1290 3056 ouius
1310 2993 1358 3056 rei
1379 2991 1435 3058 ali:

389 3106 465 3195 quid
495 3106 668 3174 scholiasta
697 3105 855 3194 dispexit,
888 3129 962 3172 cum
991 3105 1079 3193 prius
1108 3107 1148 3173 de
1178 3105 1370 3194 inpudentia
1401 3118 1436 3174 et

388 3223 499 3291 infami
512 3222 710 3312 turpitudine
731 3225 842 3292 uultus
856 3246 954 3311 quam
968 3223 1009 3290 de
1029 3223 1098 3290 eins
1119 3223 1325 3291 deformitate
1347 3226 1434 3312 cogi·

387 3351 482 3408 taret.
525 3341 682 3429 reliquum
711 3351 760 3408 est
789 3351 826 3408 ut
853 3341 960 3407 locum
982 3341 1120 3407 alterum
1141 3340 1311 3408 Ciceronis
1332 3343 1436 3433 expli·

388 3481 511 3541 cemus,
543 3481 609 3546 quo
637 3459 825 3526 confidimus
854 3469 999 3526 nostram
1019 3458 1062 3544 do
1089 3456 1195 3524 Clodii
1215 3457 1435 3546 pulcritudine

387 3575 578 3642 sententiam
593 3577 785 3644 confirmari.
801 3587 893 3644 extat
906 3576 960 3642 ille
973 3577 1008 3644 in
1019 3576 1227 3644 altercatione
1241 3598 1307 3663 qua
1318 3574 1434 3643 Cicero

386 3693 492 3760 idibus
521 3693 648 3760 Martiis
669 3693 745 3758 anni
772 3694 907 3777 693161,
938 3717 1004 3759 non
1036 3694 1083 3760 ita
1108 3694 1165 3760 diu
1192 3703 1307 3781 postea
1334 3715 1435 3780 quam

388 3807 521 3876 Clodios
549 3832 642 3877 saera
668 3810 780 3876 Bonae
808 3810 901 3878 Deae
928 3810 1083 3893 uiolaret,
1116 3832 1188 3876 oum
1216 3811 1280 3876 hoo
1306 3811 1377 3898 ipso
1399 3810 1434 3878 in

387 3936 502 3992 senatu
531 3927 729 3994 concerteuit
759 3927 814 4012 (ef.
836 3927 908 3994 Att.
930 3951 938 3992 ι
962 3929 1001 3993 16
1021 3927 1041 3993 8
1062 3949 1187 4016 argum.
1219 3929 1318 3996 schol.
1349 3928 1433 3996 Boh.

386 4067 418 4132 p.
440 4043 511 4127 329,
537 4046 574 4110 19
595 4045 778 4111 Drumsnni
792 4044 860 4111 HR
874 4069 896 4110 v
909 4044 996 4128 588),
1020 4055 1194 4133 conceptus
1215 4045 1304 4112 hisee
1326 4043 1434 4112 uerbis

388 4160 435 4247 (in
459 4159 610 4230 Clodium
632 4175 665 4230 st
685 4163 862 4230 Curionem
875 4165 897 4228 h
909 4164 946 4248 4)
966 4185 975 4226 ε
995 4163 1058 4230 Sed
1075 4166 1164 4230 credo
1180 4176 1343 4252 postquam
1364 4184 1434 4250 spe·
