3342 5200
464 628 487 679 V
523 630 571 679 Dll
590 628 768 681 sucumve
785 628 940 681 curvum
1189 632 1221 681 ²1

188 816 248 881 quo
273 804 418 881 tempore
447 795 555 859 lacere
589 795 733 883 coeperit
765 794 914 861 Catullus
947 796 1119 861 nescimus.
1171 796 1233 862 hoc

186 934 278 977 unum
300 936 343 977 cx
365 913 444 978 locis
465 936 530 979 non
551 914 646 978 nullis
669 913 863 979 concludere
878 913 955 979 licat
970 911 1135 996 Clodiam,
1157 935 1230 978 cum

189 1029 250 1095 eius
270 1052 378 1095 amore
402 1030 549 1097 Catullus
570 1030 832 1113 inflammaretur,
855 1031 920 1096 iam
942 1030 984 1111 Q.
1006 1029 1129 1097 Metelli
1151 1053 1231 1097 uxo

188 1170 247 1211 rem
278 1148 387 1215 fuisse.
439 1172 515 1215 nam
545 1150 578 1215 in
615 1150 756 1215 carmine
792 1156 927 1226 cxviii,
970 1170 1035 1238 quo
1067 1147 1158 1214 initia
1196 1159 1229 1213 ct

191 1264 322 1350 origines
349 1266 469 1331 amoris
500 1266 548 1333 sui
577 1266 747 1349 describit,
780 1277 878 1354 poeta
897 1266 973 1333 inde
1000 1286 1135 1332 anemo
1160 1265 1229 1349 135,

192 1380 259 1446 dum
281 1383 428 1471 queritur
448 1382 601 1451 Lesbiam
632 1384 693 1451 sibi
713 1384 809 1450 fidem
832 1384 984 1470 religiose
1002 1406 1067 1449 non
1090 1404 1229 1463 seruare,

191 1500 251 1564 eius
275 1500 444 1586 perfidiam
475 1523 514 1566 eo
547 1500 687 1589 quodam
715 1501 812 1567 modo
844 1524 880 1568 se
907 1503 978 1589 ipss
1007 1501 1230 1567 consolaturus

192 1628 314 1684 excusat
344 1618 435 1707 quod
457 1617 549 1684 iustis
570 1618 689 1707 nuptiis
712 1641 783 1685 curn
815 1618 935 1684 Lesbia
954 1620 1082 1685 iunctus
1102 1615 1231 1683 nonsit

190 1757 280 1823 eaque
302 1737 341 1801 de
364 1759 481 1802 caussa
501 1732 639 1803 ‘furtiuis
660 1760 754 1803 raras
775 1736 879 1803 noctis
900 1734 1097 1803 munusculis
1112 1757 1153 1801 ex
1167 1732 1230 1801 uiri

190 1852 276 1938 ipsius
290 1854 417 1941 gremio
433 1845 580 1941 demptis’
601 1864 771 1921 contentus
787 1878 857 1921 essa
873 1854 999 1921 debeat.
1043 1854 1070 1919 is
1083 1842 1154 1917 ‘uir’
1167 1862 1227 1933 est,

192 1978 221 2032 ut
239 1972 389 2058 adparet,
420 1972 557 2039 Clodiae
584 1974 717 2040 maritus
740 1972 780 2053 Q.
810 1972 960 2038 Metellus
980 1970 1096 2053 Celer,
1130 1992 1226 2057 quom

191 2084 263 2151 inter
289 2112 391 2155 annos
419 2090 537 2166 678s76
559 2098 591 2155 et
612 2090 730 2166 691163
752 2088 900 2155 Clodiam
926 2088 960 2153 in
990 2085 1227 2153 matrimonium

193 2203 307 2270 duxisse
337 2230 439 2295 supra
471 2207 693 2273 indicauimus.
747 2218 917 2294 praeterea
948 2204 1086 2272 Lesbiae
1120 2205 1225 2271 uirum

194 2319 320 2389 Catullus
334 2325 368 2389 in
384 2324 528 2389 carmine
542 2342 666 2389 Lxxxrn
683 2323 797 2389 Lesbio
817 2328 862 2391 mi
879 2335 1042 2410 prorsam
1058 2328 1125 2389 uiro
1138 2322 1227 2388 mola

193 2439 314 2520 piamina
336 2441 416 2506 dicit
437 2450 675 2507 commemorat.

261 2558 308 2624 De
338 2558 442 2626 initiis
472 2558 589 2626 amoris
610 2558 686 2646 ipsis
709 2580 750 2624 cx
772 2556 1051 2640 caminorum,
1083 2555 1170 2646 quod
1192 2556 1226 2622 in

197 2669 247 2736 luo
266 2677 407 2740 carmina
429 2675 581 2760 (alterum
603 2674 645 2741 ad
667 2676 844 2752 Manlium,
866 2675 1003 2739 alterum
1023 2699 1044 2741 a
1064 2696 1162 2740 uersu
1182 2675 1222 2738 41

196 2787 343 2877 incipiens,
367 2816 435 2880 qno
457 2793 517 2859 hac
538 2793 570 2859 in
586 2793 775 2882 quaestione
797 2793 860 2858 iarn
883 2804 1021 2875 utemur,
1042 2793 1082 2858 ad
1104 2791 1224 2858 Allium

198 2907 336 2990 quendam
357 2909 529 2997 scriptuml
553 2908 802 2996 disiungendum
824 2933 974 2976 essenos
1004 2932 1077 2974 cum
1106 2907 1224 2974 Frocb·

199 3019 276 3086 lichio
297 3026 483 3109 (comment.
507 3025 616 3113 philol.
640 3025 729 3091 acad.
751 3025 881 3094 Monac.
903 3049 925 3091 v
946 3049 977 3092 m
998 3025 1062 3090 262
1082 3049 1111 3090 a.
1129 3026 1224 3109 1849)

199 3134 375 3208 Rossbachio
394 3143 560 3228 Hcysio*)
579 3142 799 3231 Hortabcrgio
811 3144 858 3227 (n.
873 3164 970 3207 carm.
983 3141 1102 3208 Catulli
1112 3142 1169 3206 sel.
1184 3141 1226 3208 ab

200 3249 249 3317 hcc
267 3266 296 3322 ct
314 3258 476 3325 Teuffclio
508 3281 656 3328 conuers.
691 3259 813 3346 Stuttg.
838 3261 920 3324 1855
940 3282 972 3346 p.
997 3259 1051 3343 16)
1079 3257 1225 3346 Bergkio

203 3368 279 3449 (uns.
292 3374 439 3442 Rhenan.
456 3397 532 3442 nou.
547 3399 591 3442 xv
605 3378 680 3459 513)
696 3376 900 3458 arbitramur,
922 3376 1003 3441 hacc
1019 3375 1137 3464 conligi
1152 3399 1224 3464 pos

206 3590 376 3608 *Q*-

258 3735 281 3803 *l
304 3741 419 3807 lleysius
447 3758 479 3792 eo
512 3747 598 3793 tamen
628 3742 729 3793 fallitur
756 3744 825 3808 quod
855 3743 964 3794 altarum
990 3755 1096 3791 carmen
1123 3743 1156 3793 sd
1182 3743 1226 3794 Μ’.

207 3823 299 3880 lollium
321 3833 491 3886 Glabrionem
515 3837 642 3903 scriptum
664 3851 721 3886 asse
738 3843 819 3902 putat.
854 3849 904 3886 nec
922 3835 1108 3886 Frochlichius
1124 3835 1226 3888 laudari

208 3927 274 3979 loten
290 3927 353 3989 quod
370 3929 483 3980 alterum
502 3943 606 3979 carmon
624 3929 658 3981 ad
674 3929 793 3980 Manium
810 3928 909 3978 Allium
919 3929 1027 3980 inscribi
1040 3927 1121 3980 iubet
1141 3929 1225 3980 Manli

209 4010 262 4062 euim
275 3999 423 4080 praenomen
443 4021 611 4072 coniecturae
629 4021 792 4072 Lachmanni
809 4020 931 4078 debetur,
955 4037 1039 4086 quae,
1062 4023 1086 4074 si
1107 4023 1224 4073 carmina

211 4112 404 4176 separauerimus,
434 4116 507 4165 omni
534 4114 718 4182 probabilitate
743 4123 823 4167 carot.
858 4130 907 4166 nos
929 4116 1011 4182 igitur
1038 4133 1071 4168 ex
1096 4117 1224 4168 librorum

212 4199 297 4252 uuio
312 4204 337 4252 in
353 4221 432 4258 uersa
450 4210 483 4260 66
498 4223 558 4258 cum
575 4206 737 4260 Rossbachio
754 4225 851 4260 nomen
868 4208 1140 4262 succensuimus
