3342 5200
511 687 588 737 vim
621 688 669 739 Du
688 686 845 739 CAESARE
863 688 909 738 ΕΤ
927 686 1159 739 ΟΔΕΒΔΒΙΔΝΙΒ
1311 690 1359 739 195

317 852 396 919 tium
424 875 575 919 uersuum
605 862 661 919 aut
687 854 720 919 iu
742 854 889 920 omnibus
911 855 1021 921 autin
1040 877 1106 919 non
1127 853 1223 919 nullis
1245 851 1361 917 codici·

317 973 378 1037 bus
411 972 510 1057 plane
542 970 650 1035 omissi
682 980 765 1036 sunt
816 971 918 1036 ueluti
947 972 981 1036 in
1013 971 1161 1037 omnibus
1197 969 1361 1037 codicibus

315 1099 449 1176 propter
470 1109 598 1154 uersum
620 1087 868 1174 praecedentem
884 1087 1080 1153 simillimum
1101 1066 1214 1154 xxxiiii
1236 1089 1257 1153 3
1278 1090 1361 1154 Dia·

315 1229 389 1271 riam
417 1210 508 1291 pueri
533 1207 646 1293 intepri
673 1214 707 1271 et
729 1226 817 1270 iniii
841 1205 895 1269 23·
911 1207 1087 1291 proqenies,
1114 1208 1229 1271 saluata
1255 1211 1362 1271 starum

316 1332 349 1387 et
376 1332 506 1410 propter
533 1321 666 1388 similem
697 1344 826 1387 uersum
858 1331 1047 1410 sequentem
1075 1341 1133 1387 uxi
1161 1322 1203 1388 95
1220 1322 1360 1407 prodeas,

314 1463 397 1505 noua
423 1452 520 1525 nupta
545 1439 715 1527 intercepti
744 1450 833 1521 sunt,
863 1441 941 1505 item
967 1438 1000 1504 iu
1022 1439 1169 1506 omnibus
1190 1438 1279 1505 libris
1300 1440 1361 1505 sin·

315 1558 397 1623 ceris
419 1577 557 1622 Lxxxxii
578 1558 607 1622 3.
627 1557 648 1620 4
670 1556 795 1637 desunt,
817 1557 894 1643 quia
915 1556 1040 1622 scribae
1062 1556 1145 1623 oculi
1167 1579 1187 1620 a
1207 1557 1272 1622 fine
1293 1578 1361 1622 uer·

314 1695 370 1738 sus
390 1674 412 1737 2
433 1673 612 1758 dispeream
632 1674 697 1739 ui'si’
714 1686 797 1738 amat
816 1675 858 1739 ud
874 1674 972 1740 finem
987 1673 1094 1762 quarti
1114 1676 1278 1759 disparem
1298 1674 1364 1738 m'si

314 1814 386 1855 amo
408 1790 648 1872 aberrcueruut,
670 1790 748 1856 item
769 1792 801 1855 in
824 1791 944 1856 eisdem
959 1791 1051 1856 libris
1070 1791 1218 1857 omnibus
1231 1799 1360 1878 praeter

314 1929 416 1973 unum
424 1907 616 1973 Thuaneum
626 1927 693 1972 nxii
708 1909 748 1971 14
761 1930 816 1973 nec
827 1913 955 1973 murm:
965 1912 1085 1993 pertitus
1098 1931 1178 1994 quae
1191 1920 1253 1973 iota
1264 1919 1360 1972 merite

312 2028 526 2092 luborautnnn
536 2025 707 2112 reperitur,
722 2034 758 2099 ut
772 2035 849 2111 pote
863 2025 953 2090 cuius
962 2046 1074 2089 uersus
1086 2024 1247 2112 utrimque
1262 2023 1360 2089 uicini

316 2142 356 2207 13
371 2151 404 2207 et
419 2144 458 2207 15
480 2168 500 2209 a
521 2142 687 2207 uocabulis
704 2142 789 2207 inter
811 2163 846 2206 se
861 2141 1015 2207 similibus
1034 2141 1106 2226 (nori
1121 2150 1154 2208 et
1166 2143 1248 2226 rios),
1262 2142 1359 2207 imino

312 2260 347 2325 iu
368 2258 591 2347 antiquissime
609 2259 765 2325 Thuaneo
794 2261 864 2345 ipso
889 2260 930 2324 ab
952 2258 1065 2325 eodem
1087 2259 1243 2326 uocabulo
1266 2258 1357 2343 (aon)

310 2376 479 2465 incipiant.
514 2377 628 2443 deiude
643 2385 747 2442 totum
762 2399 890 2441 carmen
905 2396 1017 2442 vaiiu
1032 2375 1145 2442 decem
1159 2397 1311 2441 uersuum
1324 2377 1357 2441 in

311 2495 444 2561 Datnnc
473 2505 506 2559 et
531 2494 743 2560 Riceardianc
770 2504 903 2581 propter
928 2493 1022 2559 huius
1050 2493 1063 2579 (
1070 2492 1171 2561 Noli.
1194 2544 1201 2559 .
1223 2542 1231 2558 .
1252 2494 1356 2578 nullu)

269 2587 277 2601 ’
312 2624 347 2680 et
375 2613 538 2700 sequentis
566 2612 702 2695 (Nulli.
725 2661 733 2677 .
755 2660 764 2677 .
785 2613 891 2695 malle)
921 2611 1069 2677 carminis
1101 2611 1202 2677 simile
1230 2612 1356 2678 initium

311 2728 464 2796 omissum
493 2739 552 2795 est.
596 2729 689 2795 simili
720 2752 762 2794 ex
790 2752 905 2795 caussa
936 2730 969 2794 in
1001 2729 1167 2795 codicibus
1196 2729 1357 2817 plerisque

312 2865 403 2913 iniii
429 2846 606 2912 334-337
636 2844 761 2912 desunt.
813 2856 981 2934 praeterea
1012 2848 1053 2912 cf.
1074 2845 1275 2913 Lachmanni
1306 2847 1359 2914 ad·

311 2963 494 3030 notationes
516 2963 558 3028 ad
580 2982 715 3029 xxxviiii
736 2964 767 3028 4.
788 2964 818 3046 5,
842 2964 897 3052 qui
918 2965 1009 3029 locus
1023 2987 1097 3030 cum
1113 2974 1224 3030 nostro
1240 2965 1357 3051 optime

311 3082 483 3168 conparari
514 3091 638 3169 potest,
669 3080 711 3146 ad
738 3105 851 3147 xxxxii
881 3082 919 3145 12
949 3101 1007 3147 uxi
1037 3081 1097 3148 145
1125 3101 1191 3147 ini
1218 3080 1357 3146 32-38

310 3199 435 3264 43-44
456 3199 580 3264 54—55
602 3219 688 3263 iniii
710 3198 771 3264 258
793 3217 964 3264 Lxxxxviii
983 3198 1075 3263 2-5.
1129 3197 1245 3264 deinde
1271 3199 1357 3264 uide·

310 3338 383 3382 mus
412 3338 526 3381 uersus
554 3338 634 3403 quos
663 3315 786 3382 scribae
813 3338 872 3382 suc
892 3317 964 3382 loco
987 3317 1160 3382 omiserant
1181 3325 1293 3402 postea
1315 3316 1357 3381 ab

310 3433 359 3501 eis
381 3434 452 3499 loco
474 3431 615 3520 quodam
635 3432 739 3498 alieno
758 3433 886 3500 additos
908 3454 977 3498 esse
999 3460 1006 3497 ι
1029 3433 1115 3498 idem
1134 3432 1220 3522 quod
1234 3455 1294 3497 nos
1316 3432 1356 3498 de

310 3550 454 3617 carmine
475 3573 585 3616 xxviiii
611 3572 708 3636 supra
735 3551 915 3615 statuimus.
958 3549 1052 3614 huius
1079 3550 1126 3615 rei
1154 3549 1356 3637 praeclarum

310 3667 496 3753 exemplum
518 3688 645 3732 carmen
667 3686 801 3731 Lxxxiiii
825 3667 973 3752 praebet,
1001 3666 1091 3731 cuius
1111 3687 1225 3732 uersus
1247 3690 1357 3732 secun-

311 3784 372 3850 dus
394 3793 427 3849 et
448 3792 581 3871 quartus
597 3805 669 3846 cum
685 3781 797 3848 ecdem
812 3783 970 3849 uocabulo
991 3783 1147 3848 tiberilius
1166 3785 1356 3851 concludan-

309 3913 384 3982 tur,
419 3899 589 3965 distichum
617 3901 766 3964 carminis
795 3901 969 3966 secundum
1002 3924 1021 3965 a
1052 3901 1157 3966 scriba
1189 3901 1355 3990 archetypi

308 4017 569 4104 praetermissum
592 4027 641 4083 est
659 4039 666 4081 :
681 4017 737 4104 qui
759 4039 868 4082 errore
890 4018 1022 4104 cognito
1044 4017 1078 4082 in
1096 4019 1243 4104 margine
1264 4018 1356 4084 iuxta

308 4121 470 4216 ultimum,
501 4143 538 4198 ut
566 4134 709 4215 uidetur,
739 4133 910 4199 distichum
940 4133 1056 4200 omissa
1085 4136 1247 4223 suppleuit
1267 4137 1354 4222 (nam

308 4262 382 4340 post
397 4251 543 4316 ultimum
558 4251 730 4316 distichum
745 4251 863 4318 addere
880 4273 945 4316 nou
965 4250 1079 4338 potuit,
1102 4254 1179 4339 quia
1192 4254 1276 4318 inter
1296 4253 1356 4318 boc

1088 4352 1126 4415 13
1140 4353 1157 4392 *
