3342 5200
334 683 383 733 196
532 679 610 731 vnn
644 681 692 731 Du
709 678 866 732 CAESARE
883 680 929 731 ΕΤ
946 677 1174 732 cassaremus

332 856 364 913 et
395 868 532 935 sequens
560 867 689 911 carmen
719 846 925 913 interstitium
956 846 1077 912 nullum
1110 844 1258 910 relictum
1283 844 1378 927 erat),

331 964 416 1031 unde
443 964 478 1029 in
508 964 655 1029 omnibus
684 964 775 1030 libris
801 964 909 1052 inepte
938 975 1011 1030 ante
1038 963 1184 1029 ultimum
1207 962 1379 1028 distichum

333 1083 454 1147 inserta
476 1092 558 1148 sunt.
601 1080 678 1146 item
701 1102 756 1147 Lm
780 1083 841 1147 123
868 1104 926 1148 suo
954 1083 1025 1148 loco
1047 1081 1154 1146 nescio
1178 1103 1243 1168 qua
1264 1102 1379 1145 caussa

331 1200 465 1264 omissus
497 1200 529 1263 in
559 1199 705 1264 omnibus
734 1198 823 1264 libris
854 1209 927 1287 post
957 1199 1054 1264 finem
1081 1198 1231 1285 strophae
1252 1196 1379 1264 additus

331 1325 389 1381 est.
431 1318 509 1382 item
542 1315 684 1382 eiusdem
716 1316 866 1381 carminis
897 1339 1010 1381 uersus
1044 1315 1220 1379 196-200
1246 1323 1380 1401 propter

331 1432 464 1499 similem
497 1454 649 1498 uersuum
681 1434 744 1499 200
776 1443 809 1499 et
839 1433 899 1497 201
933 1433 1055 1498 exitum
1089 1431 1177 1520 prius
1209 1431 1380 1518 intercepti

330 1558 443 1635 postea
463 1558 537 1637 post
557 1550 720 1637 stropham
743 1559 931 1637 sequentem
949 1551 982 1614 in
998 1549 1146 1615 omnibus
1162 1548 1252 1613 libris
1267 1547 1380 1635 scripti

330 1675 415 1731 sunt.
468 1665 606 1751 denique
637 1667 752 1731 similia
782 1665 822 1732 de
851 1667 1025 1731 notissimis
1054 1667 1119 1731 illis
1151 1666 1301 1731 carminis
1335 1685 1380 1729 nv

330 1780 477 1846 uersibus
507 1782 617 1847 decem
645 1781 717 1847 loco
748 1804 806 1847 suo
840 1782 965 1848 omissis
996 1783 1167 1849 statuenda
1196 1792 1281 1848 sunt.
1325 1781 1381 1868 qui

330 1920 388 1964 cur
410 1898 517 1963 omissi
538 1908 571 1964 et
592 1899 704 1964 curin
725 1921 798 1964 eum
819 1900 1020 1985 potissimum
1042 1922 1106 1987 quo
1129 1923 1214 1965 nuno
1233 1899 1266 1964 in
1289 1899 1381 1964 libris

329 2016 482 2101 leguntur
501 2016 610 2080 locum
631 2017 672 2082 ab
695 2018 861 2104 archetypi
877 2017 982 2083 scriba
1004 2018 1100 2105 positi
1121 2018 1185 2082 sint
1206 2016 1381 2103 probabili,

329 2132 363 2199 ni
385 2133 489 2217 fallor,
517 2133 702 2202 coniectura
724 2134 859 2220 adsequi
888 2157 1066 2222 possumus.
1109 2134 1274 2201 Catullum
1296 2132 1382 2199 enim

330 2250 511 2317 censuerim
538 2274 651 2316 uersus
680 2251 829 2317 carminis
857 2252 902 2317 ita
927 2252 1125 2318 ordinauisse
1146 2262 1183 2318 ut
1202 2252 1314 2318 decem
1337 2250 1383 2317 illi

330 2390 442 2434 uersus
464 2390 569 2457 neque
591 2378 663 2455 post
682 2390 813 2433 uersum
830 2369 987 2455 ltneque
1001 2378 1075 2456 post
1092 2370 1139 2451 13,
1161 2391 1246 2456 quae
1261 2370 1382 2436 Mureti

330 2496 365 2552 et
383 2485 586 2550 Lachmanni
614 2487 794 2551 sententiae
815 2495 922 2569 erant,
952 2486 1007 2551 sed
1036 2496 1109 2572 post
1134 2508 1262 2552 uersum
1287 2510 1381 2576 quar·

330 2613 399 2669 tum
428 2603 586 2669 decimum
609 2617 688 2668 tosto
709 2617 757 2670 terr
777 2607 865 2681 fastu
885 2629 993 2691 nepas,
1022 2608 1117 2669 amice
1143 2616 1382 2694 sequerentur:

330 2743 395 2808 qua
413 2721 452 2786 de
468 2720 676 2808 dispositione
693 2721 914 2786 Froehlichius
934 2745 1063 2811 quoque
1086 2724 1273 2809 (comment.
1290 2724 1381 2791 scad.

330 2837 458 2903 Monac.
473 2862 495 2902 v
526 2862 556 2905 ιιι
577 2838 654 2923 244)
672 2839 836 2925 cogitauit.
873 2861 984 2905 uersus
1007 2841 1093 2906 onim
1113 2841 1198 2906 illius
1219 2842 1381 2909 uocabulo

329 2954 442 3019 ultimo
470 2956 566 3020 amice
595 2957 701 3021 scriba
729 2957 909 3022 incuriosus
936 2958 983 3023 ita
1007 2959 1039 3023 in
1061 2959 1206 3025 fraudem
1229 2960 1382 3047 delapsus

330 3081 437 3138 estut
459 3071 558 3136 oculis
580 3072 621 3138 sd
642 3095 772 3138 uersum
793 3076 834 3140 ab
857 3073 911 3139 illo
933 3075 1093 3140 decimum
1116 3079 1161 3158 (u.
1182 3076 1256 3161 32),
1290 3078 1381 3143 cuius

330 3190 528 3278 paenultima
557 3213 624 3254 uox
651 3200 684 3256 et
710 3189 780 3278 ipsa
810 3196 907 3256 amice
930 3202 990 3271 est,
1021 3192 1247 3260 aberrantibus
1278 3216 1381 3282 usqne

330 3307 372 3372 sd
393 3307 478 3371 hunc
499 3307 532 3372 in
555 3306 724 3372 scribendo
740 3308 926 3395 peruenisse
942 3310 1137 3396 opinaretur.
1180 3333 1245 3398 quo
1269 3313 1381 3378 ordine

332 3424 469 3512 probato
492 3424 588 3489 etiam
610 3424 760 3512 repetitio
783 3425 879 3491 ualde
901 3428 1029 3514 ingrata
1052 3429 1203 3494 uocabuli
1224 3431 1328 3496 amice
1348 3431 1379 3496 in

332 3540 456 3606 duobus
488 3541 634 3607 uersibus
666 3542 953 3628 subsequentibus,
985 3567 1080 3631 quam
1113 3546 1146 3610 in
1176 3546 1379 3614 restitutione

330 3657 592 3723 Lachmanniana
624 3659 758 3723 moleste
789 3659 938 3744 ferimus,
969 3671 1161 3728 remouetur.
1212 3666 1379 3732 considero

331 3797 450 3861 quaeso
473 3775 616 3841 ordinem
638 3775 724 3840 hunc
747 3800 754 3841 :

465 3914 491 3958 rs
533 3892 589 3956 sed
608 3904 635 3956 te
655 3894 721 3957 ium
740 3892 829 3977 ferre
851 3895 1001 3961 Herculei
1018 3896 1103 3961 ludos
1124 3912 1197 3962 est:

531 4021 612 4073 tauto
633 4021 679 4073 ten
692 4008 785 4095 fusto
806 4033 913 4098 nepos,
935 4017 1052 4079 omme?

463 4147 491 4192 rs
531 4150 588 4191 non
611 4138 709 4191 custos
731 4129 763 4191 si
772 4127 885 4215 finpor
906 4130 955 4194 ille
978 4129 1110 4212 Oretum,

531 4266 591 4308 uon
612 4245 646 4307 ss'
665 4242 804 4331 Peposeo
828 4249 915 4320 feror
935 4248 1040 4312 uolatu
1064 4274 1075 4312 :
