3342 5200
363 664 390 716 11
424 664 473 717 DE
490 664 595 720 tum
611 665 745 719 usum
761 666 809 719 ltu
823 665 960 720 usum
975 666 1130 720 OAWLH
1236 670 1272 721 4⁸

224 834 258 899 in
291 833 408 919 longas
440 833 608 898 consulum
638 832 819 898 futurorum
851 833 1022 922 paginulas
1052 834 1107 918 (ct
1133 832 1200 902 cie.
1229 832 1271 901 sd

224 952 298 1016 Att.
316 971 357 1014 ιιιι
372 949 407 1015 8⁵
432 950 467 1033 2)
490 948 558 1015 sine
578 949 677 1017 dubio
694 952 831 1018 relatum
848 952 971 1034 fuisset,
993 974 1051 1040 per
1071 952 1271 1018 consulatum

225 1090 300 1133 cum
317 1089 433 1133 caussa
446 1066 591 1154 peierare
608 1067 774 1155 potuisset.
810 1068 867 1134 sed
882 1068 994 1134 eadem
1011 1078 1213 1155 argumenta,
1236 1079 1273 1135 ut
1300 1053 1321 1070 ’

230 1185 341 1273 quiuis
362 1183 462 1267 uidet,
481 1184 515 1250 in
537 1183 690 1251 auxilium
711 1188 820 1251 uocari
834 1197 970 1273 possunt
989 1195 1027 1251 ut
1042 1208 1146 1253 annus
1158 1187 1276 1265 699155

226 1301 485 1384 commendetur,
506 1324 603 1390 quem
625 1301 774 1389 equidem
797 1301 839 1385 (si
857 1303 889 1369 in
905 1311 1115 1369 tantarerum
1135 1303 1275 1370 obscuri·

224 1428 295 1484 tate
331 1418 550 1483 coniecturam
589 1440 771 1505 proponere
802 1421 852 1484 tae
887 1420 950 1503 est)
981 1420 1197 1507 praetulerim.
1247 1421 1274 1487 si

226 1536 314 1600 enirn
353 1534 385 1600 id
422 1536 578 1622 temporis
609 1544 808 1600 momontum
839 1535 1036 1624 inuestigare
1069 1547 1274 1625 temptamus,

226 1674 294 1741 quo
326 1652 412 1719 intra
439 1651 601 1717 biennium
629 1650 707 1717 illud
735 1651 902 1718 Vatinium
930 1654 1080 1741 superbia
1108 1665 1207 1742 atque
1227 1655 1274 1722 in·

223 1769 381 1858 pudentia
403 1791 474 1835 sese
504 1791 602 1856 quem
632 1770 770 1835 maxime
803 1770 957 1837 extulisse
985 1780 1018 1837 et
1048 1770 1121 1837 ideo
1142 1770 1271 1838 Catullo

224 1909 323 1977 quam
346 1887 488 1953 maxime
510 1887 651 1953 inuisum
672 1909 707 1952 ee
721 1886 898 1953 reddidisse
917 1886 987 1953 ueri
1007 1888 1110 1954 simile
1131 1898 1189 1972 est,
1209 1888 1272 1954 hoc

222 2015 293 2070 tum
313 2003 465 2070 incidisse
484 2005 677 2092 putauerim,
699 2026 773 2070 cum
793 2003 946 2070 Vatinius
967 2005 1082 2093 opibus
1102 2005 1135 2071 in
1157 2004 1269 2093 primis

223 2120 373 2189 Caesaris
388 2121 527 2204 adiutus,
539 2120 630 2187 cuius
649 2143 758 2186 amore
773 2123 881 2187 omnia
895 2143 980 2209 quae
992 2124 1091 2189 uellet
1105 2132 1269 2189 consectu-

221 2260 294 2303 rum
318 2259 390 2303 sese
412 2237 520 2305 dicere
539 2240 665 2305 solebat
686 2238 741 2323 (cf.
760 2240 793 2304 in
808 2237 917 2305 Vatin.
934 2240 974 2303 16
994 2239 1060 2324 38),
1083 2239 1129 2305 Μ.
1145 2237 1270 2307 Catone

222 2356 424 2442 conpetitore
454 2355 646 2443 grauissimo
680 2357 812 2444 repulso
847 2356 1007 2444 prioribus
1042 2355 1118 2422 anni
1151 2357 1269 2434 699155

220 2471 388 2538 mensibus
408 2482 538 2560 praetor
566 2494 679 2538 recens
706 2483 834 2539 erectus
862 2481 942 2540 erat.
984 2473 1129 2539 Nonium
1159 2482 1269 2539 autem
1304 2467 1306 2470 ’
1417 2474 1461 2490 ““

221 2589 362 2656 comitiis
383 2588 536 2657 aediliciis
556 2614 632 2658 mox
646 2602 720 2679 post
742 2591 923 2657 consularia
940 2590 1129 2679 aPompeio
1150 2588 1269 2659 habitis

220 2706 360 2772 aedilem
393 2706 478 2773 illius
509 2706 586 2773 anni
620 2709 763 2774 curulem
797 2718 942 2774 creatum
976 2731 1046 2776 esse
1078 2708 1268 2776 censuerim.

221 2823 341 2911 quibus
361 2824 394 2890 in
417 2824 635 2912 comitiisque
656 2826 879 2891 uehementius
900 2806 938 2892 et⁸
952 2825 1056 2892 acrius
1077 2847 1144 2892 uon
1164 2826 1268 2892 solum

219 2940 384 3027 suffragiis
411 2941 468 3007 sed
496 2941 594 3008 etiam
615 2943 712 3008 armis
733 2955 914 3030 pugnatum
936 2953 1001 3027 est,
1027 2966 1066 3009 eo
1086 2944 1191 3031 magis
1214 2943 1267 3010 ad·

220 3056 357 3124 uersarii
387 3058 486 3123 trium
520 3057 662 3124 uirorum
697 3081 732 3123 se
767 3059 973 3126 succubuisse
1006 3059 1267 3148 indignabantur,

221 3184 322 3264 atque
345 3196 383 3241 eo
404 3175 507 3262 magis
530 3175 563 3241 N
565 3175 667 3254 oniu,
691 3175 717 3241 si
738 3176 772 3241 in
797 3178 861 3243 illis
881 3178 960 3266 ipsis
981 3179 1119 3245 comitiis
1140 3189 1267 3246 creatus

222 3290 413 3358 candidatos
446 3293 649 3379 optimatium
680 3295 823 3379 uicerat,
859 3319 937 3384 prae
968 3296 1038 3361 aliie
1066 3296 1268 3364 Caesarianis

220 3407 352 3476 Catullo
380 3408 502 3475 inuisus
530 3421 610 3479 erat.
654 3422 797 3478 ceterum
819 3412 860 3479 de
882 3415 1020 3481 comitiis
1041 3425 1075 3480 et
1096 3415 1269 3480 consulari·

219 3526 283 3591 bus
304 3537 338 3593 et
358 3525 513 3593 aediliciis
526 3551 553 3592 a.
569 3527 686 3605 699155
701 3529 740 3594 cf.
756 3529 938 3596 Drumauni
951 3531 1025 3596 hist.
1040 3531 1136 3596 Rom.
1152 3554 1183 3596 ιιι
1194 3531 1267 3597 279.

218 3643 285 3708 280
298 3665 331 3707 vr
344 3643 396 3710 46.
418 3654 585 3730 praeterea
608 3644 787 3710 cauendum
804 3656 854 3712 eet
874 3669 916 3713 ne
933 3647 1084 3736 aPighio
1106 3649 1268 3715 annalium

191 3835 199 3843 ¹
218 3783 251 3825 ιιι
272 3759 335 3825 388
356 3761 389 3825 in
412 3782 550 3826 errorem
573 3761 773 3844 seducamur,
796 3765 853 3851 qui
867 3763 1093 3853 Sempronium
1108 3766 1268 3854 quendam

216 3875 406 3942 Atratinum
426 3875 566 3943 aedilem
586 3899 670 3942 anno
685 3878 805 3956 699155
826 3881 970 3947 curulem
992 3885 1092 3950 fuisse
1113 3884 1182 3950 sine
1203 3883 1268 3969 ulla

217 4014 333 4059 caussa
364 3992 482 4059 idonea
503 3993 676 4060 contendit.
719 4017 826 4082 neque
858 4017 898 4060 ea
926 4019 1010 4084 quae
1037 4000 1078 4066 de
1104 4001 1267 4068 aedilitate

216 4109 322 4176 curuli
351 4133 372 4175 a
403 4109 513 4177 Nonio
540 4133 625 4176 anno
656 4111 774 4188 699155
803 4122 897 4198 gesta
929 4113 1067 4183 diximus
1099 4119 1267 4184 subtiliore

217 4228 335 4295 aetatis
349 4226 449 4296 Nonii
458 4226 649 4318 Asprenatis
664 4229 919 4297 consideratione
933 4231 1131 4300 refelluntur.
1167 4235 1266 4303 Nonii
