3342 5200
502 632 525 681 V
558 632 606 683 DE
623 632 802 685 nucumve
821 632 977 685 curvem
1227 637 1262 687 '13

210 798 356 865 Lesbiae
377 798 441 863 iam
469 797 589 863 dudum
615 807 736 885 nuptae
757 800 922 885 uestigare
943 821 1080 887 eamque
1100 800 1262 868 custodire

211 940 279 981 non
310 916 375 981 iam
406 914 528 1003 patris,
563 916 590 979 si
626 914 721 981 stiam
750 925 817 982 tum
846 916 881 981 in
910 916 994 983 uiuis
1024 916 1154 997 fnisset,
1193 918 1262 985 offi-

213 1035 299 1099 cium
338 1042 425 1115 erat,
469 1032 525 1097 sed
557 1032 678 1114 mariti,
723 1033 773 1101 eui
808 1032 863 1099 ills
896 1032 930 1099 in
963 1033 1093 1100 domum
1122 1034 1262 1103 deducta

212 1160 246 1215 et
281 1150 404 1215 tradita
442 1158 520 1213 erat.
574 1172 671 1238 quam
708 1150 750 1215 ob
786 1172 855 1215 rem
888 1149 1038 1217 Catullus
1068 1153 1261 1241 uoluptates,

211 1291 294 1354 quas
329 1266 392 1331 sibi
427 1266 546 1333 Lesbia
579 1267 769 1355 largiretur,
810 1268 845 1333 in
878 1290 976 1335 uersu
1008 1270 1068 1335 146
1097 1293 1164 1336 non
1193 1282 1261 1337 tam

211 1384 408 1451 munuscula
422 1379 527 1472 ‘patre
547 1384 648 1451 inscio
674 1376 833 1473 surrepta‘
857 1408 954 1475 quam
973 1381 1025 1453 ‘ex
1046 1388 1109 1453 ciri
1135 1387 1260 1473 grume

212 1496 354 1589 dempta'
377 1502 560 1589 adpellauit.
595 1503 703 1589 itaque
726 1502 891 1569 Guarinus
913 1504 1052 1592 Vulpios
1065 1505 1261 1593 Deeringius

212 1619 365 1685 Handins
389 1620 472 1705 (obs
495 1621 564 1685 crit
586 1644 618 1707 p.
640 1620 695 1699 31)
714 1620 859 1708 Heysius
879 1621 1112 1709 Hertzbergius
1134 1623 1189 1690 alii
1208 1617 1264 1689 ‘in-

211 1748 345 1825 gratum
373 1737 502 1802 tremuli
526 1737 626 1825 patris
656 1733 746 1804 onus'
767 1761 826 1827 pro
852 1760 989 1805 onerosa
1009 1763 1103 1823 cura,
1131 1742 1262 1828 qualem

210 1856 343 1921 filiabus
377 1854 545 1921 semendis
573 1866 724 1944 parentes
761 1856 905 1923 seniores
935 1858 1113 1945 inpendere
1146 1859 1260 1942 solent,

210 1971 471 2057 intellegendum
487 1994 556 2037 esse
571 1974 692 2060 optime
706 1983 885 2039 senserunt.
927 1973 1053 2041 accedit
1066 1985 1103 2043 ut
1114 1974 1262 2043 Catullus

210 2091 342 2177 saepius
365 2088 406 2153 de
429 2088 573 2189 patribus
588 2090 732 2157 tremulis
754 2091 905 2178 loquatur
926 2114 985 2157 nec
1003 2104 1111 2157 tamen
1135 2103 1260 2159 certum

210 2207 377 2295 quendam
398 2206 432 2271 in
461 2206 568 2273 animo
597 2208 723 2291 babeat,
747 2208 785 2272 cf.
808 2230 875 2273 xvn
899 2208 940 2273 13
961 2229 1016 2275 uxr
1038 2209 1088 2275 51.
1131 2219 1260 2298 praeter

209 2322 453 2389 Broukbusium
487 2346 587 2388 unum
623 2324 828 2413 Scaligcrum
864 2326 1003 2411 cognoui
1041 2326 1098 2415 qui
1130 2336 1257 2415 patrem

210 2441 352 2507 Lesbiae
374 2441 435 2506 hoc
459 2440 531 2507 loco
554 2440 717 2508 aCatullo
737 2443 906 2509 inductum
927 2466 997 2509 esse
1019 2455 1127 2510 censet
1148 2444 1259 2513 addite

211 2557 431 2646 explicatione
452 2558 551 2625 totius
565 2558 636 2642 loci,
658 2570 694 2626 nt
715 2582 826 2626 uerum
842 2563 955 2645 dicam,
977 2562 1123 2652 pessima.
1165 2562 1260 2628 huius

211 2677 408 2742 sententiam
432 2675 606 2742 Sentenius
628 2677 829 2765 adprobauit.
872 2679 1010 2770 denique
1028 2679 1128 2746 miror
1150 2680 1262 2768 Haup-

210 2797 303 2877 tium,
336 2794 393 2882 qui
414 2796 593 2860 sententiae
616 2794 772 2884 quamde
794 2795 912 2862 Lesbia
933 2797 1176 2885 explanauimus
1196 2821 1261 2864 me

211 2912 348 2977 moriam
370 2911 615 2978 intermortuam
635 2911 757 2998 primus
778 2910 896 2978 nostris
916 2913 1113 3002 temporibus
1127 2915 1261 2981 resusci-

212 3030 314 3112 tauit,
347 3028 436 3115 quod
458 3029 656 3096 Lachmanni
689 3029 908 3096 coniecturam
927 3033 1069 3096 tendet
1087 3034 1140 3098 illa
1159 3055 1261 3099 neca

211 3148 394 3214 litterarum
416 3169 476 3212 nec
501 3169 521 3210 a
544 3156 715 3212 contextus
734 3170 794 3212 nec
815 3147 953 3234 deniqne
974 3148 1015 3213 ab
1031 3150 1108 3215 artis
1129 3150 1260 3216 criticae

212 3264 396 3330 rationibus
420 3265 497 3328 satis
518 3263 806 3331 commendabilem
824 3265 909 3333 inter
928 3264 1047 3333 Catulli
1067 3268 1168 3333 uerba
1184 3270 1261 3334 reci·

212 3405 290 3470 pere
306 3383 421 3463 uoluit,
442 3404 506 3469 qua
521 3357 669 3464 admisse,
689 3382 721 3447 ni
736 3383 839 3466 fallor,
856 3384 1045 3449 sumendum
1060 3395 1109 3450 est
1123 3384 1262 3451 Lesbiae

213 3511 342 3586 patrem
374 3500 408 3562 in
434 3521 530 3564 uersu
554 3501 613 3563 142
634 3499 801 3567 nominari.
844 3502 1004 3567 sententia
1024 3501 1124 3590 igitur
1151 3513 1263 3569 nostra

170 3681 172 3684 .
213 3640 311 3682 uersu
333 3616 396 3680 hoe
419 3615 547 3681 minime
568 3618 790 3684 labefactetur.

297 3735 368 3799 Iam
389 3743 426 3798 ut
447 3733 488 3798 ad
504 3736 703 3822 propositum
725 3737 902 3819 redeamus,
923 3737 1065 3802 carmine
1079 3745 1194 3804 rmumb
1208 3739 1260 3805 do-

215 3874 325 3916 cemur
356 3861 476 3938 quanto
506 3874 604 3938 opere
635 3851 780 3920 Catullus
810 3853 945 3921 Clodiae
979 3877 1086 3919 amore
1117 3857 1260 3922 arserit:

215 3992 321 4056 neque
354 3978 462 4034 tamen
492 3968 553 4035 hoo
583 3992 658 4035 uno.
700 3993 775 4036 uam
807 3970 943 4036 eundem
974 3973 1091 4037 amoris
1111 3972 1259 4038 ardorem

216 4109 282 4152 non
304 4087 394 4151 nulla
415 4088 557 4152 carmina
579 4088 641 4153 alia
663 4087 802 4174 spirant,
832 4111 915 4175 qnae
936 4090 1006 4154 sine
1027 4089 1125 4155 dubio
1147 4091 1260 4179 primis

96 4281 97 4286 γ
217 4202 335 4270 amoris
363 4201 449 4270 illius
477 4203 692 4292 temporibus,
722 4205 840 4292 quibus
866 4216 964 4292 poeta
989 4207 1091 4273 multo
1118 4209 1259 4274 omnium
