3342 5200
682 2068 767 2153 XV

276 2302 422 2384 Quaado
437 2305 638 2391 temporibus
654 2277 830 2370 carminum
842 2304 1099 2374 Catullisuorum
1114 2305 1252 2372 dicenda

198 2429 293 2485 erant
314 2441 387 2485 oum
408 2441 466 2508 per
486 2429 590 2486 totum
608 2421 693 2486 huno
709 2421 836 2504 librum,
858 2431 955 2509 prout
970 2444 1021 2487 res
1035 2422 1251 2510 postulabant,

198 2537 344 2626 dispersa
379 2537 462 2621 sint,
493 2536 574 2605 haec
607 2536 713 2604 omnia
740 2537 853 2603 ultimo
882 2537 943 2604 hoo
969 2537 1077 2627 capite
1108 2539 1251 2606 breuiter

199 2656 366 2743 conligere
398 2665 431 2720 et
457 2654 615 2743 conplecti
647 2655 764 2741 placet.
813 2654 863 2720 his
891 2656 1067 2721 carminum
1098 2655 1250 2724 Catullia-

199 2796 313 2839 norum
344 2772 435 2838 fastis
463 2792 501 2837 ea
529 2794 570 2837 ex
601 2772 670 2837 uita
698 2770 817 2840 Catulli
849 2772 1249 2862 desumpta‘intarponere

199 2889 289 2957 lubet
318 2911 402 2976 quae
431 2887 522 2954 annis
548 2888 684 2975 singulis
705 2912 802 2976 supra
829 2889 963 2954 attribui
991 2901 1184 2978 potuerunt,
1213 2902 1251 2959 ut

202 3026 422 3093 quascumque
455 3005 489 3069 in
522 3003 681 3092 capitibus
712 3005 871 3092 prioribus
904 3007 943 3073 de
971 3008 1041 3074 uita
1069 3008 1189 3075 Catulli
1217 3020 1251 3075 et

202 3122 396 3209 temporibus
425 3120 626 3209 singulorum
649 3122 824 3188 carminum
857 3127 997 3212 probare
1022 3128 1250 3214 temptauimus
1281 3170 1285 3174 «

205 3261 265 3305 uno
285 3238 317 3304 in
340 3249 516 3326 conspeetu
536 3239 626 3327 quasi
642 3250 799 3327 prostent.
835 3265 931 3331 quem
947 3253 1152 3331 conspectum
1175 3268 1249 3310 oum

206 3366 364 3445 oporteret
395 3378 493 3444 qnam
529 3357 756 3423 breuissimum
784 3380 877 3438 esse,
909 3360 1015 3427 facero
1045 3383 1110 3426 non
1143 3362 1249 3449 potui-

205 3496 271 3540 mus
312 3474 391 3561 quin
428 3495 480 3540 ros
522 3473 661 3540 insertas
702 3473 933 3545 incertiorssuo
965 3477 1051 3543 iusto
1089 3477 1249 3545 confiden-

207 3592 265 3658 tius
298 3590 383 3659 inter
417 3602 521 3660 certas
561 3614 831 3660 enumeraremus.
886 3593 966 3659 duos
997 3594 1097 3681 igitur
1127 3594 1249 3661 indices

208 3709 336 3775 alterum
369 3712 535 3776 nominum
573 3721 605 3776 at
634 3730 741 3775 rerum
776 3711 912 3776 alterum
940 3710 1116 3777 carminum
1150 3711 1248 3800 ospiti

209 3826 275 3891 huic
306 3824 528 3893 subiunximus
564 3801 701 3915 quorum
729 3827 850 3893 auxilio
879 3827 967 3892 nullo
1003 3828 1135 3914 negotio
1166 3849 1249 3893 unus

211 3944 337 4031 quisque
355 3942 466 4009 uidere
486 3944 588 4030 possit
610 3954 734 4032 quanta
755 3942 819 4008 fide
841 3944 969 4030 singula
988 3943 1022 4008 in
1042 3944 1099 4009 has
1120 3944 1247 4011 tabulas

211 4060 302 4125 relata
319 4060 417 4147 digna
432 4059 504 4127 sint.
547 4061 690 4127 earmina
712 4083 848 4150 quorum
866 4071 1015 4150 tempora
1035 4061 1160 4129 definiri
1180 4084 1246 4128 uon

121 4230 126 4241 ,
212 4185 375 4265 potueruut
395 4176 428 4242 in
450 4185 627 4265 eonspeotu
649 4177 825 4245 omisimus.
