3342 5200
622 647 701 700 XIIII
735 648 783 700 DE
800 647 908 700 samo
1241 651 1290 702 881

243 815 387 883 b'isnsem
415 837 448 902 p.
469 815 549 897 322,
571 815 591 879 3
620 813 777 880 Horatius
805 823 987 883 saturarum
1009 837 1028 880 n
1049 815 1071 880 3
1091 815 1133 881 86
1154 837 1291 882 comme

242 931 391 1013 monuit,
413 932 533 1019 populo
548 932 697 998 Romano
713 931 811 999 dedit.
853 931 940 1018 quod
953 954 1019 997 non
1034 930 1164 998 fecisset
1177 932 1292 1021 opinor

242 1049 367 1133 Arrius,
390 1050 417 1118 si
437 1060 528 1136 pater
550 1050 618 1115 eius
639 1049 735 1114 nimis
750 1052 923 1118 obscuram
939 1048 1103 1115 habuisset
1119 1049 1291 1137 originem.

243 1166 382 1254 denique
405 1189 504 1233 unum
519 1175 621 1234 restat
640 1167 680 1232 de
696 1189 760 1254 quo
774 1187 878 1254 pauca
892 1166 1030 1234 dicenda
1044 1174 1127 1232 sunt
1159 1165 1292 1232 Arrium

242 1283 360 1350 Cicero
391 1283 485 1350 Bruti
512 1284 584 1349 loco
612 1305 708 1370 quem
735 1306 768 1370 p.
789 1283 852 1350 325
880 1283 1021 1372 excripsi
1047 1284 1094 1348 ait
1114 1281 1160 1350 M.
1183 1282 1292 1351 Crassi

243 1399 459 1466 secundarum
492 1400 632 1486 partium
659 1399 787 1467 fnisse:
816 1400 995 1488 adsumpsit
1026 1400 1126 1489 igitur
1154 1399 1291 1469 Crassus

244 1517 430 1604 saepissime
452 1517 581 1582 Arrium
613 1515 733 1582 socium
763 1516 818 1605 qui
844 1538 953 1584 secum
974 1518 1009 1584 in
1030 1517 1149 1584 eisdem
1169 1516 1292 1585 caussis

245 1643 321 1700 ante
351 1634 472 1700 iudices
505 1632 639 1720 agendis
671 1633 803 1700 diceret.
865 1635 952 1702 unde
983 1635 1053 1701 sine
1083 1635 1181 1703 dubio
1212 1657 1291 1703 eon·

242 1749 300 1838 ligi
332 1760 442 1838 potest
472 1773 544 1816 cure
576 1750 674 1817 Arrio
696 1751 798 1818 mults
825 1751 1059 1819 necessitudine
1085 1754 1292 1820 coniunctum

242 1869 343 1933 fuisse
365 1867 409 1934 M.
432 1867 606 1952 Crassum,
636 1879 673 1935 ut
702 1878 778 1955 pote
808 1869 861 1934 oui
889 1878 999 1936 actore
1020 1869 1159 1956 partium
1180 1891 1290 1940 secuu-

242 1984 357 2050 darum
379 1984 432 2050 uel
451 2008 509 2071 per
530 1984 671 2052 indolem
699 1985 875 2052 oratoriam
905 2009 925 2052 a
951 1985 1055 2074 gloria
1087 1987 1291 2073 eloquentiae

240 2101 359 2189 insigni
388 2101 526 2190 quadam
554 2101 763 2190 adipiscenda
787 2103 891 2169 alieno
921 2125 1002 2192 opus
1032 2113 1126 2170 esset.
1169 2103 1289 2170 idcireo

241 2217 358 2284 Arrius
383 2218 536 2287 Crassum
564 2221 638 2304 (nec
665 2221 770 2286 solum
797 2218 830 2286 in
862 2220 933 2286 foro
959 2231 993 2288 et
1022 2221 1056 2286 in
1084 2221 1213 2305 rostris)
1245 2221 1291 2286 ita

241 2336 367 2402 adiuuit
387 2348 422 2403 ut
442 2358 514 2402 sese
535 2337 694 2404 facturum
717 2358 787 2404 esse
804 2337 857 2404 ille
871 2338 967 2404 bomo
980 2339 1170 2426 inportunus
1184 2338 1290 2404 Hora·

241 2455 287 2520 tio
311 2455 507 2538 (saturarum
531 2480 537 2520 ι
558 2456 579 2520 9
600 2455 655 2538 45)
677 2453 840 2542 pollicitus
863 2465 941 2522 cst:

841 2634 971 2699 laberer

342 2772 489 2837 crappum
510 2752 691 2835 adsiderem,
711 2764 814 2836 posset
834 2753 894 2838 qui
903 2754 998 2839 serre
1018 2753 1178 2835 secundos,

342 2866 423 2931 bunc
444 2867 592 2933 bominem
613 2871 702 2934 uelles
723 2874 751 2933 ai
770 2868 893 2934 tradere
913 2894 924 2934 .·
945 2868 1123 2956 ds'apcream
1143 2871 1182 2935 m'

342 2982 511 3050 submersos
532 3008 647 3051 omnes.

240 3156 411 3247 praeterea
433 3158 465 3226 in
487 3181 583 3226 uersu
597 3161 734 3247 septimo
749 3160 865 3227 Arrius
885 3161 919 3227 in
933 3159 1061 3249 Syriam
1083 3163 1199 3228 missus
1220 3184 1291 3229 esse

241 3286 399 3343 narratur.
431 3299 538 3343 nonne
550 3277 597 3343 eis
611 3298 695 3364 quac
708 3278 849 3345 diximus
861 3279 1031 3366 probabile
1043 3278 1182 3367 quodam
1192 3280 1289 3345 modo

242 3393 280 3461 fit
300 3393 435 3459 Arrium
456 3393 563 3460 neseio
585 3417 649 3483 quo
670 3416 803 3461 munere
823 3396 952 3483 publico
973 3396 1163 3464 instructum
1184 3397 1219 3461 in
1237 3418 1290 3463 cc·

241 3510 336 3577 berte
356 3510 523 3579 familiaris
545 3512 594 3577 sui
615 3510 661 3577 M.
685 3510 793 3579 Crassi
824 3512 923 3579 fuisse
946 3533 1083 3599 eumque
1104 3513 1139 3577 in
1160 3510 1288 3599 Syriam

240 3626 442 3715 prouinciam
463 3628 522 3695 sub
545 3628 643 3694 finem
665 3630 739 3695 anni
760 3629 879 3707 699Ιῶ
899 3638 1047 3696 secutum
1074 3628 1173 3697 esse?
1205 3652 1289 3718 quae

241 3744 429 3811 coniectura
442 3746 470 3811 si
485 3746 651 3834 probatur,
673 3743 819 3813 Catullus
843 3770 908 3813 non
929 3756 1005 3813 ante
1022 3746 1144 3834 priores
1161 3770 1290 3815 menses

241 3861 317 3927 anni
348 3862 466 3940 700154
497 3884 626 3929 carmen
655 3882 791 3929 nxxxnrr
820 3863 959 3930 scribere
985 3864 1130 3950 potuisse
1150 3865 1289 3948 uidetur,

241 3978 394 4067 quoniam
422 3979 450 4045 is
480 3981 536 4068 qni
564 3980 710 4047 nuntium
733 3981 773 4046 de
793 3980 875 4046 mari
894 3975 1034 4046 ‘Hionio’
1061 3980 1149 4069 quod
1173 3982 1289 4050 Arrius

240 4094 473 4164 nominanisset
489 4097 626 4164 Romam
647 4099 800 4165 attulerat
813 4120 878 4165 non
899 4097 988 4186 prius
1008 4120 1051 4165 ex
1069 4100 1153 4167 Asia
1167 4099 1289 4168 redisse

240 4214 355 4299 potuit.
