3342 5200
718 1756 758 1841 V

293 1968 392 2033 Prius
424 1988 520 2054 quum
550 1966 680 2055 singulo
706 1988 791 2055 quae
823 1967 865 2032 de
895 1986 1004 2030 rmore
1033 1965 1171 2031 Lesbios
1204 1964 1259 2031 sd·

207 2083 357 2148 notando
396 2082 491 2150 nobis
527 2094 602 2149 snut
643 2084 855 2170 conligimus,
894 2106 999 2171 peuce
1029 2084 1135 2151 dicero
1166 2086 1260 2153 lubet

208 2202 328 2288 quibus
369 2202 404 2265 in
446 2200 631 2266 uniuersum
668 2210 818 2265 usturam
854 2200 973 2265 amoris
1014 2200 1099 2266 illius
1139 2212 1172 2267 et
1211 2203 1257 2267 in·

209 2318 318 2384 dolem
346 2316 511 2404 explicere
533 2317 726 2383 studeamus.
770 2338 834 2405 que
863 2317 897 2381 in
924 2338 961 2381 re
987 2317 1147 2404 permulto
1173 2340 1258 2405 quae

208 2436 314 2501 conici
336 2434 445 2522 potius
467 2457 562 2521 quam
585 2435 717 2522 probsri
739 2444 894 2521 possunt,
925 2435 1077 2523 quonism
1099 2435 1257 2501 derebus

208 2575 289 2642 quas
311 2552 395 2618 seire
411 2550 540 2640 plurimi
561 2560 673 2618 nostre
691 2550 826 2618 interest
847 2572 944 2639 soepo
957 2550 1072 2617 notitia
1093 2562 1149 2619 eut
1170 2553 1259 2619 nulle

208 2683 263 2738 out
294 2693 394 2758 perce
424 2669 465 2735 ed
492 2691 551 2736 nos
579 2669 749 2757 peruenit,
783 2667 919 2735 arbitrio
952 2678 985 2734 et
1013 2667 1132 2734 iudicio
1163 2669 1258 2736 unius

208 2791 366 2875 cuiusque
388 2786 599 2874 relinquendo
621 2807 691 2852 esse
712 2785 844 2852 minime
864 2805 960 2872 nego.
1011 2795 1045 2850 et
1065 2807 1149 2874 quse
1170 2788 1258 2875 equi·

208 2906 282 2972 dem
304 2905 365 2970 beo
383 2904 423 2969 de
444 2927 481 2969 rs
501 2902 608 2986 iudico
629 2902 710 2968 hoec
732 2913 815 2968 sunt
858 2901 996 2967 arbitror
1010 2901 1129 2969 Catulli
1148 2927 1258 2970 umore

207 3033 240 3088 et
268 3021 392 3110 pietste
420 3020 495 3086 inde
523 3020 564 3085 sb
593 3041 631 3084 eo
659 3029 805 3108 tempore
834 3041 899 3107 qno
926 3021 1129 3087 necessitudo
1162 3043 1257 3110 quoe-

208 3139 283 3205 dom
305 3139 391 3204 inter
418 3138 530 3203 umbos
559 3137 759 3202 intercedere
789 3137 912 3224 eoepit,
945 3135 1094 3204 Clodiam
1119 3139 1257 3226 turpiter

207 3257 345 3322 ebusum
366 3277 445 3320 esse.
490 3253 623 3320 Clodiae
655 3251 739 3318 euim
760 3253 901 3319 mulieris
922 3253 1110 3320 libidinosae
1140 3256 1255 3341 puleri-

207 3373 320 3439 tudine
344 3371 465 3459 insigni
487 3371 669 3460 ceterisque
687 3369 854 3436 lenociniis
878 3369 997 3438 Ootulli
1019 3373 1160 3436 animum
1184 3373 1256 3438 sirn-

88 3549 90 3558 .
208 3491 324 3578 plioem
348 3499 380 3555 et
401 3498 546 3577 opertum
570 3487 752 3578 artiumque
773 3487 1026 3554 meretricisrum
1048 3488 1196 3576 ignorum
1212 3492 1257 3558 in·

211 3605 397 3673 credibilem
411 3605 479 3671 fere
492 3607 524 3670 in
540 3608 672 3671 modum
693 3615 822 3694 coptum
846 3615 878 3670 et
898 3605 979 3670 odeo
1000 3607 1166 3673 inretitum
1187 3631 1257 3675 esse

210 3736 245 3790 ut
259 3748 319 3815 per
341 3733 468 3812 tempus
484 3723 613 3810 aliquod
627 3734 724 3812 poeta
742 3747 784 3788 ne
801 3723 1020 3810 suspiceretur
1033 3724 1162 3813 quidem
1182 3749 1216 3791 se
1238 3749 1258 3792 e

210 3841 325 3909 Clodia
347 3842 415 3907 lolli
437 3864 549 3928 posse,
571 3841 690 3908 nedum
711 3865 745 3906 re
766 3863 844 3906 uero
868 3839 959 3907 lulli:
982 3852 1017 3906 ut
1038 3853 1160 3930 postes,
1184 3867 1255 3908 cum

210 3958 344 4046 suspitio
380 3958 553 4024 iustissime
592 3969 663 4025 orta
693 3959 754 4024 sibi
783 3968 888 4043 esset,
928 3981 1055 4047 semper
1085 3960 1123 4024 ed
1152 3961 1257 4046 ignos-

211 4075 346 4142 cendum
378 4097 556 4163 propensus
577 4087 610 4142 et
632 4077 767 4166 quoduis
795 4098 909 4142 recens
941 4077 1137 4164 periurium,
1172 4079 1258 4164 quod

210 4191 324 4260 Clodio
343 4193 633 4260 innumerabilibus
653 4193 812 4286 prioribus
836 4193 1031 4280 addidisset,
1054 4194 1256 4264 notissimum
