3342 5200
546 667 611 718 Xlll
645 667 692 718 Du
710 665 851 718 CATONE
1182 671 1231 719 307

186 841 319 898 exutum
341 853 411 898 esse
431 831 623 920 patrimonio
645 855 687 920 ex
702 831 859 900 Suetonio
876 831 935 916 (de
946 833 1164 920 grammaticis
1177 835 1230 916 11)

185 949 313 1040 scimus.
356 957 523 1035 praeterea
552 949 637 1015 idem
664 949 839 1016 Suetonius
867 952 923 1034 (de
950 951 1169 1038 grammaticis
1194 951 1229 1034 2)

184 1065 353 1131 Valerium
381 1065 538 1134 Catonem
566 1067 654 1154 apud
684 1067 834 1134 Vectium
863 1067 1085 1134 Philocomum
1113 1066 1230 1134 Lucilii

184 1192 310 1248 saturas
331 1183 451 1268 legisse
472 1184 627 1249 narrauit.
670 1183 810 1273 denique
831 1183 867 1250 in
887 1186 1122 1273 epigrammate
1143 1185 1230 1271 quod

184 1299 361 1367 Suetonius
382 1301 454 1365 loco
477 1321 572 1388 quem
593 1302 734 1388 priorem
756 1300 927 1368 citauimus
946 1301 1099 1388 excripsit
1112 1301 1230 1370 Furius

184 1417 362 1484 Bibaculus
377 1415 534 1484 Catonem
557 1418 802 1505 grammaticum
824 1417 918 1484 ualde
938 1441 1046 1484 senem
1061 1441 1096 1485 se
1110 1418 1230 1485 uidisse

182 1543 318 1600 testatus
350 1543 410 1600 est.
434 1533 531 1622 ¹quid
562 1535 637 1600 inde
666 1534 785 1622 conligi
806 1535 942 1622 potest‘?
976 1537 1114 1623 primum
1148 1537 1228 1603 illud

182 1650 360 1717 Furianum
383 1653 629 1718 consideremus.
655 1651 839 1718 .Valerium
853 1650 1012 1719 Catonem
1030 1654 1134 1720 tribus
1155 1676 1227 1719 cau·

182 1768 289 1834 liculis
310 1779 342 1835 et
363 1768 479 1836 selibra
498 1769 593 1835 farris
615 1779 647 1834 et
667 1770 802 1836 racemis
819 1768 948 1836 duobus
960 1774 1020 1838 sub
1036 1771 1101 1838 nde
1115 1772 1227 1858 tegula
1313 1794 1317 1800 ·

182 1885 223 1951 ad
257 1907 415 1952 summam
446 1907 546 1974 prope
578 1896 776 1952 senectutem
808 1887 912 1952 uitam
942 1887 1003 1953 sibi
1030 1897 1228 1954 sustentasse

182 2001 300 2069 Furius
322 2001 496 2068 Bibaculus
525 2001 623 2086 dixit,
657 2001 746 2068 cuius
778 2004 979 2090 epigramma
1006 2014 1042 2069 ut
1070 2003 1228 2070 Catonem

180 2119 278 2186 ualde
299 2139 409 2184 senem
428 2129 590 2185 mortuum
613 2142 684 2186 esse
706 2120 940 2187 demonstraret
953 2119 1128 2187 Suetonius
1146 2131 1228 2187 attu-

141 2253 144 2259 '
180 2237 225 2303 lit
268 2237 434 2324 quaeritur
465 2236 567 2324 igitur
597 2237 728 2324 quando
759 2237 937 2304 Bibaculus
966 2237 1023 2304 illa
1053 2238 1226 2326 scripserit.

182 2355 269 2444 quod
301 2369 374 2420 cnm
407 2355 594 2441 ignoretur,
624 2357 657 2420 in
688 2357 876 2422 uniuersum
907 2356 1108 2442 interrogare
1135 2355 1226 2421 lubet

181 2495 279 2561 quam
308 2471 362 2536 diu
391 2470 509 2538 Furius
542 2472 669 2538 uixerit.
711 2471 846 2538 Furium
874 2473 970 2538 etiam
996 2484 1073 2540 tum.
1087 2474 1120 2538 in
1141 2474 1226 2538 uiuis

179 2589 279 2657 fuisse
311 2600 455 2673 constat,
487 2613 560 2657 cum
593 2587 735 2657 Orbilius
767 2589 914 2677 Pupillus
949 2601 1082 2679 propter
1116 2614 1225 2657 senec-

180 2717 283 2775 tutem
312 2709 443 2774 nimiam
464 2708 652 2774 memoriam
678 2707 741 2773 iam
762 2707 923 2775 amiserat.
965 2708 1137 2796 quodque
1157 2708 1225 2775 fere

179 2832 327 2913 tempore
348 2824 470 2891 factum
489 2823 530 2890 sit
551 2823 627 2889 inde
648 2823 811 2911 conligere
831 2846 1002 2912 possumus
1022 2826 1110 2913 qnod
1131 2824 1226 2890 Orbi·

179 2942 241 3008 lius
283 2964 368 3009 anno
403 2942 520 3019 691l63
555 2938 713 3009 Cicerone
753 2940 886 3007 consule
927 2941 1225 3030 quinquagesimum

77 3116 78 3119 ,
180 3061 295 3125 aetatis
336 3081 455 3125 aunum
493 3080 595 3145 agens
637 3058 775 3151 Romam
814 3058 942 3125 uenisse
977 3057 1088 3147 ibique
1123 3081 1225 3146 prope

179 3176 220 3243 ad
256 3178 466 3243 centesimum
501 3198 620 3245 sunum
659 3178 775 3243 amissa
808 3177 874 3244 iam
909 3177 1035 3265 pridem
1069 3177 1224 3243 memoria

179 3293 301 3359 uixisse
322 3293 468 3361 traditur.
511 3294 621 3383 itaque
644 3292 805 3361 Orbilium
832 3316 935 3382 nsque
957 3293 998 3361 sd
1019 3317 1138 3361 annum
1158 3297 1225 3361 lere

179 3410 297 3488 736118
325 3411 464 3494 uixisse,
496 3412 682 3477 memoriam
714 3421 822 3476 autem
854 3412 919 3477 iam
950 3412 1106 3477 decennio
1136 3412 1224 3500 prius

179 3527 297 3606 726128
318 3528 464 3593 amisisse
485 3550 611 3594 sumere
639 3528 756 3595 licebit.
810 3528 925 3617 quodsi
945 3528 1133 3616 probabiles
1154 3531 1225 3596 sub

77 3711 78 3738 ,
179 3645 329 3711 duximus
346 3664 505 3724 numeros,
528 3646 703 3712 Bibaculus
724 3657 798 3711 ante
818 3668 938 3711 annum
960 3646 1075 3723 726128
1096 3669 1225 3713 uersum

77 3743 78 3770 ¹
178 3762 270 3827 illum
294 3760 433 3827 Orbrlius
455 3763 580 3828 adinum
602 3776 644 3829 est
663 3764 834 3829 litterarum
854 3764 963 3829 odliurb
991 3765 1132 3833 scribere
1159 3788 1223 3830 non
1274 3825 1278 3839 ,

77 3929 78 3956 ,
177 3880 285 3965 potuit
315 3880 362 3962 (u.
392 3876 525 3945 Sueten.
554 3880 594 3945 de
622 3902 758 3967 gramm.
788 3880 834 3963 9).
886 3882 940 3947 fac
972 3882 1056 3947 circa
1086 3882 1224 3949 eundem
1324 3966 1328 3972 ι

177 4016 298 4062 annum
318 3994 511 4063 Bibaculum
530 3997 766 4084 epigrammate
792 3996 832 4061 de
855 3995 981 4063 Catone
1002 4021 1079 4064 sene
1099 4010 1223 4086 septua-

176 4112 313 4200 genario
345 4111 553 4196 (itasumere
573 4112 676 4197 lubet)
703 4112 889 4200 scripsisse,
924 4112 1006 4181 (lato
1037 4138 1122 4182 anno
1155 4116 1222 4181 fere

175 4228 295 4307 656198
317 4236 412 4295 natus
434 4240 491 4295 est
535 4251 617 4317 qnae
647 4230 727 4295 ratio
757 4252 862 4315 noque
883 4228 909 4294 si
932 4230 1129 4298 calamitates
1150 4230 1222 4303 Sul-

949 4331 992 4395 20
1005 4333 1023 4371 s
