3342 5200
591 630 645 683 1111
680 632 727 684 DE
745 630 925 683 Amoemvs
944 630 1098 683 cerviam
1333 633 1365 685 68

314 820 417 883 agere
434 807 553 884 posset,
575 797 609 860 in
624 796 758 865 Clodiae
771 797 872 884 ipsius
891 796 990 863 aedes
1003 796 1169 862 Palatinas
1190 796 1368 863 habitatum

314 913 505 999 inmigrauit
520 914 576 997 (cf.
590 914 774 980 Drumanni
786 914 854 979 HR
868 938 887 979 ιι
901 914 973 996 37Ί,
987 914 1052 999 22).
1087 914 1144 980 sed
1158 936 1235 979 mox
1248 912 1367 979 amoris

315 1029 414 1095 buius
440 1030 547 1098 taedio
569 1041 683 1117 eaptus
711 1031 753 1097 ab
784 1030 840 1096 illa
867 1053 902 1095 se
921 1029 1068 1096 remouit
1111 1053 1176 1118 qua
1196 1054 1232 1096 re
1253 1028 1367 1097 Clodia

315 1146 367 1211 ira
388 1145 529 1211 maxime
557 1146 755 1212 inflammata
787 1148 974 1212 societatem
1004 1169 1077 1212 eum
1105 1144 1152 1210 L..
1173 1145 1365 1233 Sempronio

315 1263 470 1328 Atratino
493 1262 559 1327 filio
580 1262 661 1346 iniit,
688 1263 743 1352 qui
765 1263 899 1329 iniurias
921 1288 940 1329 a
962 1261 1071 1329 (laelio
1094 1263 1208 1328 eodem
1228 1262 1366 1328 familiae

315 1400 396 1445 suae
426 1380 543 1446 inlatas
572 1379 697 1446 ulturus
730 1379 876 1464 (Caelius
905 1381 991 1445 enim
1017 1379 1158 1445 Atratini
1178 1389 1304 1467 patrem
1326 1380 1366 1444 de

316 1494 441 1561 ambitu
472 1507 682 1562 aeousauerat
712 1506 746 1563 et
773 1496 806 1561 in
828 1518 866 1561 eo
894 1496 956 1561 fuit
983 1510 1020 1561 ut
1045 1496 1163 1561 iterum
1184 1504 1367 1577 accusaret)

297 1588 378 1697 'par
399 1611 468 1697 pari
492 1610 662 1677 referendo
679 1609 825 1678 Caelium
845 1612 949 1698 ipsum
964 1612 1004 1678 de
1017 1612 1051 1676 ui
1065 1633 1143 1677 uere
1157 1634 1186 1677 a.
1201 1611 1318 1689 698l56
1332 1612 1365 1695 *)

314 1725 349 1791 in
378 1725 428 1791 ius
456 1726 596 1793 uocauit.
638 1726 691 1793 oui
717 1726 757 1793 L.
782 1728 934 1793 Atratino
964 1750 1037 1793 oum
1063 1728 1130 1793 tela
1150 1750 1206 1793 reo
1228 1727 1365 1793 infestis·

315 1842 398 1908 sima
428 1842 544 1909 Clodia
573 1844 711 1910 amatori
741 1844 866 1932 perfido
899 1844 1075 1932 perniciem
1110 1845 1262 1911 molitura
1292 1849 1365 1912 sub

315 1958 544 2038 ministrasset,
576 1960 712 2044 Cicero,
742 1963 798 2049 qui
816 1960 945 2049 praeter
964 1960 1111 2027 Caelium
1132 1962 1237 2047 ipsum
1264 1972 1298 2027 et
1317 1963 1363 2028 M.

316 2074 472 2143 Crassum
511 2075 657 2143 oratione
691 2099 750 2164 pro
779 2076 889 2144 Caelio
920 2078 1013 2144 nobis
1047 2078 1145 2144 etiam
1179 2101 1266 2144 nimo
1301 2101 1364 2144 ser-

315 2204 394 2260 uata
412 2216 506 2259 reum
520 2193 674 2276 defendit,
696 2195 900 2261 acerbissime
922 2196 955 2260 in
978 2196 1146 2260 mulierem
1159 2194 1364 2262 libidinosam

314 2310 464 2376 inuectus
493 2320 543 2376 est
570 2320 603 2374 et
635 2311 703 2376 eius
731 2333 838 2376 mores
865 2312 1124 2398 corruptissimos
1156 2311 1363 2398 facinoraque

316 2428 455 2492 seelesta
477 2427 625 2492 omnibus
643 2428 772 2514 aperuit
793 2450 831 2492 ae
852 2427 1015 2514 patefecit
1058 2450 1122 2513 qua
1143 2428 1175 2492 in
1197 2450 1233 2493 re
1254 2451 1363 2514 quam-

315 2566 413 2632 quam
439 2543 577 2610 dubium
605 2566 675 2610 esse
704 2566 769 2609 non
801 2553 910 2632 potest
935 2543 1013 2632 quin
1042 2544 1168 2610 Tullius
1195 2554 1232 2612 nt
1253 2555 1286 2612 et
1306 2568 1363 2613 reo

315 2659 555 2748 gratificaretur
581 2671 615 2725 et
643 2661 754 2726 odium
787 2683 852 2748 quo
882 2661 1017 2726 ardebat
1045 2661 1180 2729 Clodiae
1202 2662 1257 2745 (ef.
1279 2662 1363 2727 Dru-

313 2777 425 2842 manni
445 2776 512 2842 HR
533 2801 552 2842 ιι
573 2777 646 2860 376,
670 2777 710 2841 10
729 2777 771 2842 ed
791 2778 859 2842 Att
882 2801 900 2841 ιι
925 2779 941 2840 1
964 2777 999 2861 5)
1021 2779 1185 2865 expleret,
1218 2800 1362 2865 eaquae

314 2893 567 2982 quadrantariee
588 2893 714 2958 arimini
734 2895 867 2968 tribuit,
898 2894 1007 2960 multis
1026 2895 1173 2981 partibus
1192 2893 1363 2960 ueritatem

313 3031 465 3098 egressus
503 3010 650 3093 auxerit,
688 3019 794 3075 tamen
825 3011 975 3075 omnibus
1002 3010 1099 3074 rebus
1125 3009 1297 3096 diligenter
1324 3034 1363 3076 ao

312 3126 399 3193 iuste
430 3126 614 3211 ponderatis
647 3126 725 3192 satis
753 3125 854 3190 multa
884 3148 963 3192 uera
992 3126 1117 3213 reliqua
1143 3127 1243 3191 fuisse
1273 3138 1361 3193 oerto

381 3531 410 3602 ⁴)
443 3534 512 3586 Vere
529 3535 592 3585 anni
611 3532 706 3600 698be
723 3533 793 3585 bane
811 3549 933 3586 eaussam
950 3535 985 3586 ad
1001 3535 1102 3585 iudices
1120 3534 1235 3586 delatam
1252 3550 1310 3586 esse
1328 3550 1360 3586 eo

309 3626 440 3696 probem
452 3629 521 3693 quod
534 3628 627 3680 Cioero
641 3642 692 3693 pro
705 3626 796 3678 Caelio
812 3630 849 3679 »33
864 3632 896 3680 78
908 3629 974 3679 dixit
985 3629 1077 3694 paueis
1091 3627 1184 3679 diebus
1207 3634 1267 3679 ante
1281 3645 1361 3692 quam

308 3721 369 3789 ipse
387 3720 688 3785 cacuminantem,
712 3721 773 3772 Sex.
791 3721 916 3772 Clodium
931 3724 1072 3787 instigante
1089 3722 1188 3772 ldilone
1205 3729 1360 3773 accusatum

309 3814 463 3866 absolutum
487 3829 552 3865 esse.
589 3813 650 3864 Sex.
669 3814 778 3866 Clodius
795 3820 884 3864 autem
902 3830 991 3865 mense
1007 3815 1102 3865 Martio
1121 3831 1137 3864 a
1153 3814 1252 3865 Milone
1271 3815 1300 3865 in
1317 3817 1359 3866 ius

308 3908 417 3959 uidetur
433 3913 542 3958 uocatus
560 3923 634 3969 esse,
652 3923 701 3958 neo
719 3907 792 3973 prius
811 3909 950 3973 quoniam,
967 3914 998 3958 ut
1015 3908 1068 3958 alia
1084 3915 1201 3972 taceam,
1220 3909 1285 3959 Milo
1303 3910 1359 3974 ipse

308 4016 401 4052 meuse
422 3999 564 4051 Februario
582 4017 598 4051 a
615 4002 645 4053 P.
664 4000 757 4051 Clodio
781 4001 813 4052 de
836 4003 864 4051 ui
886 4017 947 4052 reus
969 4002 1055 4053 laetus
1081 4008 1133 4065 est,
1160 4018 1211 4053 nee
1227 4003 1359 4070 posterius

308 4096 437 4162 quoniam
455 4093 488 4144 de
506 4095 567 4145 Sex.
584 4094 678 4145 Clodio
697 4094 820 4147 absoluto
839 4095 932 4148 Cicero
949 4094 1024 4146 initio
1042 4097 1140 4147 mensis
1159 4096 1256 4163 Aprilis
1273 4097 1359 4162 queri·

307 4188 681 4256 melium-fraud&
