3342 5200
579 630 629 682 v11
663 631 712 685 Du
729 630 872 683 Inlustri}
890 629 1083 682 BITHYNIGO
1305 630 1354 681 16⁷

311 798 432 866 cibaria
452 799 673 879 uocabantur,
700 805 790 861 tanta
811 795 1006 862 liberalitate
1027 819 1047 861 s
1067 796 1187 882 populo
1208 794 1357 861 Romano

310 916 561 983 decernerentur
582 922 619 978 ut
641 912 745 980 uictus
772 911 980 977 necessitates
993 911 1242 996 magistratuum
1256 911 1357 977 multo

310 1032 544 1119 egrederentur
565 1030 622 1115 (cf.
638 1028 881 1116 Marquardtius
903 1029 943 1094 de
965 1027 1146 1115 antiquitat.
1168 1027 1262 1093 Rom.
1286 1050 1314 1091 ιιι
1337 1029 1358 1091 2

309 1150 377 1232 85).
421 1146 538 1212 deinde
565 1167 643 1211 uero
670 1146 753 1211 inter
781 1168 893 1212 omnes
923 1154 1049 1211 constat
1075 1145 1305 1231 proconsulum
1325 1155 1358 1211 et

310 1273 557 1353 propraetorum
597 1262 665 1328 fera
705 1285 803 1328 unum
838 1284 999 1350 quemque
1038 1261 1235 1349 prouincias,
1278 1283 1357 1349 quas

309 1382 420 1470 adepti
442 1390 544 1462 erant,
568 1379 714 1446 omnibus
734 1379 914 1444 rationibus
935 1381 989 1446 uel
1004 1378 1197 1468 turpissimis
1216 1377 1358 1443 artificiis

309 1497 462 1564 adhibitis
494 1497 638 1583 expilare
671 1506 703 1562 et
735 1495 873 1584 diripere
912 1497 1127 1564 consueuisse.
1179 1495 1266 1583 quod
1293 1518 1358 1560 non

309 1615 468 1681 salumin
490 1636 582 1678 suum
603 1614 747 1700 ipsorum
770 1613 985 1696 commodum,
1018 1613 1076 1678 sed
1099 1614 1206 1697 etiam,
1229 1611 1357 1700 quando

311 1731 442 1821 quidem
464 1731 504 1796 da
526 1729 631 1795 alieno
653 1730 817 1795 liberalem
840 1753 910 1795 asse
932 1730 1121 1797 facillimum
1141 1741 1205 1813 est,
1228 1732 1261 1795 in
1283 1730 1358 1796 ami-

310 1870 422 1913 corum
444 1867 575 1911 suorum
598 1856 630 1913 et
655 1846 807 1912 comitum
828 1848 966 1932 gratiam
988 1848 1209 1913 exercebant:
1232 1847 1356 1934 quibus,

310 1966 337 2029 si
370 1963 574 2030 incredibiles
604 1985 682 2049 opas
713 1963 997 2049 amagistratibus
1021 1964 1096 2050 ipsis
1120 1985 1161 2027 ox
1183 1964 1358 2050 prouinciis

310 2081 497 2166 deportatas
517 2081 728 2167 reputsueris
752 2089 801 2146 sat
822 2102 943 2166 magna
957 2080 1171 2144 emolumenta
1186 2079 1358 2165 contigisse

307 2198 389 2263 nihil
416 2207 465 2261 est
484 2197 565 2262 miri.
609 2197 701 2262 multi
734 2196 767 2261 in
797 2195 965 2263 Ciceronis
987 2195 1187 2261 orationibus
1209 2196 1358 2262 Verrinis

309 2315 373 2380 loci
395 2313 436 2379 ad
458 2336 510 2379 res
531 2314 589 2379 has
609 2313 830 2379 inlustrandas
852 2315 992 2378 maxime
1014 2313 1084 2400 apti
1107 2322 1198 2394 sunt,
1221 2334 1357 2400 quorum

310 2432 392 2497 duos
406 2430 458 2495 hic
474 2429 597 2496 excribi
613 2431 738 2496 liceat:
763 2453 781 2494 ιι
805 2454 824 2495 ιι
849 2433 889 2496 10
909 2430 949 2493 27
972 2436 1090 2495 comites
1111 2431 1164 2495 elli
1182 2431 1232 2495 tui
1250 2429 1361 2495 delecti

308 2570 422 2614 manns
444 2560 532 2612 erant
551 2560 619 2613 tuae
640 2573 651 2612 :
665 2548 827 2634 praefecti
844 2547 968 2613 scribae
982 2550 1107 2612 adsensi
1120 2547 1238 2614 medici
1248 2550 1356 2613 deras-

307 2668 401 2753 pices
429 2688 597 2749 praecones
619 2689 727 2730 manns
746 2678 832 2731 erant
853 2677 921 2730 tuae
942 2691 953 2729 .·
973 2677 1007 2729 nt
1026 2667 1155 2751 quisque
1178 2678 1205 2729 te
1225 2666 1359 2728 manime

311 2784 493 2870 cognatione
520 2782 676 2865 adfinitate
708 2782 936 2847 necessitudine
964 2783 1074 2868 aiipaa
1101 2783 1278 2869 attinpebot,
1314 2784 1359 2846 ita

309 2901 449 2965 ntanime
479 2923 590 2963 ritanus
611 2912 664 2962 tao
680 2899 849 2984 putabatur
869 2924 880 2963 .·
903 2904 1008 2964 colors
1030 2911 1091 2964 tota
1111 2912 1163 2962 tna
1183 2901 1252 2981 ella,
1281 2922 1359 2985 qaae

306 3019 377 3103 plus
399 3017 479 3082 mali
496 3017 625 3081 Siciliae
645 3016 732 3080 dedit
761 3039 851 3102 qnam
873 3017 907 3080 si
926 3028 1040 3080 centnm
1061 3019 1195 3081 cohortes
1213 3015 1359 3101 fugitiuo-

311 3157 380 3198 rnm
401 3132 556 3216 fussent,
578 3144 631 3196 tna
653 3155 759 3196 marens
780 3134 847 3197 sine
869 3134 1078 3197 controuersia
1099 3132 1169 3216 fnit
1211 3132 1362 3218 quidquid

309 3251 352 3316 ab
372 3249 477 3314 dorum
496 3250 643 3334 quopiam
665 3263 787 3334 captam
816 3262 874 3330 est,
906 3250 941 3314 id
967 3273 1027 3313 non
1055 3249 1145 3313 modo
1173 3249 1234 3313 tibi
1256 3250 1358 3312 άαιιιιιι

310 3366 368 3432 sed
394 3377 448 3430 tna
475 3389 569 3430 anana
595 3378 784 3431 numeratam
822 3368 954 3430 indicari
979 3388 1106 3430 neeesse
1133 3379 1183 3429 est.
1231 3388 1303 3429 nam
1333 3370 1363 3428 si

311 3485 393 3548 dane
415 3480 622 3566 defensionem
642 3482 815 3566 probabitis
836 3475 906 3546 ‘non
927 3487 1043 3565 accepit
1063 3469 1150 3566 ipse',
1173 3481 1238 3546 lieet
1257 3483 1360 3546 omnio

311 3602 349 3664 de
366 3599 512 3684 pecuniis
533 3599 707 3682 repetundis
737 3597 857 3662 indisso
887 3598 1025 3663 tollatis.
1048 3646 1055 3662 .
1080 3645 1088 3661 .
1113 3646 1120 3662 .
1143 3599 1197 3662 sed
1216 3611 1265 3678 tn,
1293 3621 1360 3662 cnm

312 3729 339 3780 et
359 3729 427 3780 taos
455 3715 567 3779 amieos
587 3721 618 3780 in
636 3716 826 3800 prouinciam
855 3715 947 3800 qteasi
974 3715 1007 3780 in
1030 3718 1179 3800 praedam
1200 3715 1361 3780 inuitabas

312 3844 341 3898 et
364 3855 435 3897 eam
457 3834 501 3897 eis
515 3857 552 3897 ae
565 3855 623 3916 per
645 3855 696 3897 eas
716 3829 916 3916 praedabare
938 3841 966 3894 et
986 3852 1035 3895 eos
1056 3832 1090 3895 in
1107 3836 1238 3897 conane
1258 3833 1361 3896 anulis

313 3950 421 4016 aureis
444 3949 595 4025 donabas,
627 3973 687 4014 non
709 3949 863 4014 statuebas
885 3949 947 4013 tibi
964 3973 1025 4013 non
1046 3950 1144 4014 solnm
1167 3949 1206 4014 de
1224 3951 1287 4014 tnis
1308 3949 1363 4014 sed

315 4068 405 4132 etiam
428 4066 467 4131 de
489 4066 610 4131 illoram
630 4072 729 4150 sacis
758 4071 899 4131 rationem
925 4089 986 4130 esse
1006 4066 1225 4131 reddendam?
1267 4088 1295 4130 ιιι
1318 4066 1360 4129 30
