3342 5200
410 649 456 703 192
605 646 682 699 vnn
716 647 763 699 DE
781 645 940 698 CAESARE
958 648 1004 697 ET
1024 645 1251 697 censeremus

550 825 680 900 patema
699 815 809 900 prima
829 814 982 879 lancinata
1003 827 1071 879 sunt
1090 817 1165 878 bona
1186 840 1197 877 .·

555 934 688 997 secunda
706 934 825 1018 praeda
846 934 973 997 Pontica
992 959 1004 997 .·
1024 934 1094 997 inde
1115 932 1205 1014 tertia

555 1051 685 1131 Hibera,
707 1072 796 1135 quom
817 1049 874 1113 sct’t
893 1054 989 1113 amnr'o
1010 1048 1132 1130 aurifer
1158 1047 1271 1132 Tuque.

483 1190 511 1235 no
551 1170 628 1232 lune
651 1164 777 1232 (luterus
797 1167 882 1231 timet
901 1178 928 1229 et
946 1166 1141 1229 Britanniae.

553 1286 627 1371 quid
645 1287 722 1348 lunc
744 1284 857 1348 malurn
875 1282 1013 1362 fauetis?
1033 1295 1088 1346 aut
1107 1285 1179 1368 quid
1197 1281 1250 1345 tta
1266 1293 1365 1365 patret

550 1401 613 1465 nui
629 1414 722 1465 uncta
743 1401 893 1465 deuorare
912 1403 1127 1484 patrimonio?

552 1538 622 1582 eone
641 1518 759 1581 uomina
778 1516 873 1596 urbis,
894 1518 1120 1602 opuluuieeime

550 1656 644 1717 raon,
663 1656 828 1721 penuque,
848 1632 1037 1718 perdidistis
1057 1637 1182 1698 omnio?

401 1866 442 1932 de
469 1868 689 1934 emendatione
713 1868 827 1934 horum
856 1890 1009 1934 uersuum
1035 1889 1101 1933 non
1128 1867 1217 1933 nulla
1249 1866 1442 1932 enarrationi

400 1995 529 2075 nostrae
558 1985 762 2072 praemittere
790 1986 897 2073 placet
923 1996 959 2050 ut
987 1984 1165 2051 doctiorum
1193 1985 1325 2070 ingenia
1355 1984 1443 2048 insti·

308 2131 311 2136 ⁴
399 2102 506 2189 gando
537 2101 656 2168 iudicia
687 2126 773 2169 noua
804 2103 844 2169 de
876 2104 947 2169 loco
973 2101 1161 2168 difficillimo
1190 2100 1314 2167 eliciam
1337 2128 1343 2164 :
1366 2123 1441 2165 nam

398 2242 481 2307 quae
502 2220 569 2307 ipse
590 2221 752 2309 proferam
773 2222 874 2307 probe
902 2220 967 2285 scio
997 2243 1061 2285 non
1090 2220 1237 2285 omnibns
1258 2218 1441 2284 nominibus

397 2348 486 2404 certa
520 2360 600 2404 esee.
656 2339 796 2426 primum
837 2337 877 2403 de
914 2360 1066 2403 uersuum
1110 2360 1192 2426 quos
1234 2335 1440 2424 adposuimus

398 2454 509 2520 ordine
531 2456 689 2522 tralaticio
711 2456 885 2544 quaeritur.
928 2455 1018 2521 cuius
1040 2456 1080 2521 de
1102 2456 1236 2521 ueritate
1256 2477 1351 2520 nemo
1373 2477 1439 2519 um·

396 2595 494 2667 quam
514 2573 599 2662 quod
623 2573 720 2641 seiam
737 2584 866 2662 praeter
880 2573 1086 2641 Theodorum
1100 2573 1334 2640 Mommsenum
1351 2571 1440 2639 dubi·

394 2691 496 2773 tauit,
530 2690 585 2780 qui
617 2715 690 2758 cum
718 2692 752 2759 in
780 2693 935 2760 historiae
961 2693 1129 2760 Romanae
1155 2716 1186 2758 ιιι
1214 2692 1277 2756 315
1308 2714 1438 2757 carmen

396 2805 516 2876 Catulli
530 2808 818 2898 undetrigesimum
839 2812 872 2876 in
888 2810 1117 2878 Germanicum
1137 2832 1328 2876 conuersum
1343 2809 1439 2874 ascri·

393 2923 500 3010 beret,
528 2949 641 2993 uersus
667 2926 712 2992 ita
739 2927 899 2994 ordinauit
920 2937 957 2994 ut
977 2951 1090 2994 uersus
1113 2936 1266 3016 quattuor
1287 2927 1437 2993 carminis

394 3054 554 3109 extremos
578 3044 729 3128 (nl-24)
750 3054 825 3131 post
851 3067 979 3110 uersum
1001 3045 1159 3111 decimum
1182 3071 1214 3110 ce
1234 3048 1391 3131 inpudt'eue
1411 3057 1438 3109 et

392 3181 491 3225 noran
519 3173 547 3226 et
572 3164 637 3227 aleo
668 3161 831 3227 insereret.
875 3186 939 3250 qua
958 3162 992 3227 in
1014 3187 1049 3228 re
1071 3165 1140 3228 ueri
1162 3165 1361 3251 aliquantum
1387 3162 1435 3227 uir

391 3276 667 3362 ingeniosissimus
695 3278 859 3366 perspexit
885 3302 946 3344 neo
973 3292 1103 3363 tamen,
1135 3291 1170 3346 ut
1197 3279 1275 3344 mihi
1304 3278 1435 3365 quidem

390 3392 536 3479 uidetur,
569 3419 663 3462 omne
689 3418 813 3462 uerum.
856 3396 934 3483 qnid
961 3419 1039 3463 uero
1069 3408 1118 3463 est
1147 3397 1233 3486 quod
1260 3397 1293 3461 in
1322 3396 1434 3463 ordine

389 3510 523 3596 uulgato
552 3512 720 3579 offendat?
768 3513 907 3600 primum
929 3511 1089 3580 Catullum
1111 3513 1255 3580 uersibus
1276 3514 1318 3579 23
1340 3524 1372 3580 et
1393 3515 1435 3579 24

390 3650 518 3694 carmen
551 3629 692 3696 fininisse
720 3631 777 3696 uix
809 3641 859 3697 est
891 3631 1055 3697 credibile.
1099 3633 1218 3698 etenim
1240 3633 1268 3696 ei
1291 3655 1364 3698 cum
1387 3633 1433 3697 eis
1519 3702 1523 3713 ,

389 3767 472 3830 quae
494 3747 688 3813 antecedunt
708 3771 823 3835 parum
846 3748 1029 3815 cohaerent.
1072 3747 1219 3816 Catullus
1238 3749 1272 3814 in
1286 3750 1433 3815 uersibus

387 3862 427 3926 21
450 3873 483 3928 et
504 3864 545 3926 22
564 3864 824 3952 indignabundus
845 3867 1024 3954 interrogat
1044 3861 1111 3932 ‘our
1129 3867 1238 3954 igitur,
1261 3867 1433 3935 (laeserat

387 3977 532 4066 Pompei,
548 3979 755 4067 Mamurram,
770 3984 931 4050 hominem
945 3985 1184 4071 nequissimum,
1206 3985 1347 4050 souetis‘l
1379 3987 1432 4051 uel

385 4097 506 4184 potius,
534 4108 570 4163 ut
590 4101 695 4187 magis
716 4102 865 4167 uniuerso
887 4103 1100 4189 interrogem,
1124 4101 1200 4192 quid
1222 4104 1283 4168 iste
1304 4114 1431 4190 praeter

387 4235 464 4300 opes
486 4213 709 4305 dilapidandae
740 4218 852 4286 didicit
860 4215 888 4284 ‘t‘
928 4243 1009 4309 quas
1038 4221 1309 4308 interrogationes
1341 4224 1431 4291 uides
