3342 5200
462 636 513 688 Vll
548 637 596 688 DE
615 637 756 690 lemnon
774 636 968 690 nl'fflrntco
1193 639 1242 691 168

192 800 281 888 qnod
304 801 336 866 in
358 809 408 866 tot
429 803 568 868 nummis
583 802 695 868 eodem
715 801 848 890 Papirio
862 811 1012 890 praetore
1025 803 1118 870 factis
1131 812 1243 890 aperte

193 917 362 1005 reperitur.

277 1033 344 1100 Sed
374 1044 412 1100 ut
441 1033 481 1098 ad
512 1054 580 1098 rem
613 1032 761 1111 redeam,
796 1032 959 1111 Catullus,
995 1055 1092 1120 quem
1120 1033 1241 1100 Lesbia

192 1172 299 1238 nuper
330 1151 444 1216 relicta
476 1150 603 1216 Romae
634 1148 744 1215 uiuere
782 1149 952 1233 madebat,
993 1149 1112 1216 Caium
1139 1151 1240 1216 Mem·

193 1267 292 1333 mium
315 1264 500 1334 Gemollum
523 1279 558 1332 ut
579 1264 673 1332 terris
696 1289 733 1333 ac
754 1265 882 1354 populis
904 1265 1084 1354 peregrinis
1098 1266 1241 1334 uisendis

193 1384 338 1450 animum
368 1383 479 1449 dolore
512 1393 544 1449 et
571 1383 775 1470 aegritudine
807 1384 947 1450 fractum
979 1393 1141 1450 recrearet
1171 1407 1243 1450 cnm

194 1499 235 1566 G.
261 1499 387 1566 Heluio
421 1499 526 1567 Cinna
552 1501 608 1586 (of.
631 1524 655 1566 x
676 1501 715 1566 31
747 1510 779 1565 et
805 1499 941 1588 Hauptii
970 1511 1092 1589 quaest.
1126 1499 1243 1567 Catulb

192 1637 224 1703 p.
252 1615 325 1701 100)
356 1625 389 1681 et
416 1615 486 1680 aliis
508 1614 670 1684 nobilibus
693 1614 865 1681 iuuenibus
888 1615 945 1698 (of.
968 1638 991 1681 x
1015 1618 1054 1683 10
1075 1640 1201 1683 xxxxrr
1222 1619 1243 1682 9

193 1732 335 1798 odulces
358 1733 500 1798 comitum
521 1735 618 1797 uolete
639 1731 752 1814 coctos)
773 1731 808 1795 in
822 1729 1012 1819 Bithyniam
1033 1743 1164 1799 secutus
1186 1743 1244 1800 est.

192 1848 384 1933 Memmius,
415 1849 470 1938 qui
491 1847 560 1936 ipse
581 1849 760 1914 litterarum
782 1848 1034 1915 studiosissimus
1055 1858 1125 1916 erat
1145 1850 1244 1934 (inter

193 1975 307 2053 poetas
337 1967 423 2031 euim
452 1967 631 2031 carminum
659 1966 890 2032 amatoriornm
918 1974 951 2031 et
980 1965 1175 2032 lasciuorum
1201 1967 1243 2031 ab

194 2081 314 2149 Ouidio
335 2082 475 2148 tristium
490 2105 507 2146 ιι
522 2083 583 2147 433
604 2092 637 2148 et
658 2104 677 2146 a
698 2082 803 2148 Plinio
826 2083 1035 2170 epistularum
1056 2105 1078 2146 v
1091 2083 1145 2148 35
1166 2106 1242 2148 enu-

192 2209 355 2280 meratur,
388 2199 429 2266 cf.
452 2199 549 2264 etiam
571 2195 671 2264 Gellii
691 2199 836 2265 noctium
858 2199 1041 2265 Atticarum
1062 2199 1241 2282 xr1m9'i,

193 2324 293 2405 atque
314 2315 419 2382 eidem
434 2315 604 2383 Lucretius
619 2314 719 2382 libros
736 2315 776 2381 de
798 2338 907 2381 rerum
926 2325 1044 2382 natura
1064 2315 1241 2404 inscripsit)

195 2432 360 2499 Catullum
388 2442 420 2498 et
451 2431 588 2500 Cinnam
617 2442 730 2520 poetas
758 2435 861 2499 amice
880 2432 1036 2498 inuitasse
1058 2432 1185 2500 uidetur
1205 2444 1242 2499 nt

194 2574 228 2617 se
266 2550 516 2634 comitarentur,
558 2571 615 2633 ne,
661 2549 738 2616 dum
773 2573 793 2616 a
823 2551 931 2617 Roma
968 2550 1096 2618 abesset
1107 2600 1117 2635 ‚
1157 2573 1242 2617 com-

193 2670 314 2734 mercio
344 2677 377 2733 et
406 2667 584 2756 conloquiis
605 2667 770 2733 litterariis
802 2678 939 2734 careret.
991 2669 1071 2733 baec
1101 2670 1243 2734 maxime

194 2783 376 2872 probabilia
403 2806 473 2850 esse
501 2784 531 2849 ci
559 2782 753 2850 uidebuntur
789 2783 845 2872 qni
873 2806 946 2849 oum
976 2784 1140 2852 Catullum
1171 2796 1240 2852 tum

194 2902 336 2969 maxime
378 2899 516 2967 Cinnam
559 2898 695 2967 Graecis
739 2900 935 2967 carminibus
977 2911 1035 2967 aut
1074 2904 1241 2969 uertendis

194 3031 249 3087 aut
291 3018 453 3087 laboriose
488 3017 651 3085 imitandis
686 3039 816 3105 operam
852 3017 1037 3105 inpendisse
1071 3029 1242 3107 rapotone·

194 3138 235 3202 rit
262 3162 271 3202 z
301 3136 489 3202 Memmium
526 3135 610 3201 euim
646 3136 787 3201 maxime
823 3133 1024 3201 Graecarum
1058 3137 1239 3202 litterarum

197 3254 376 3319 stirdiosum
404 3252 460 3319 sed
492 3252 693 3318 fastidiosum
725 3250 915 3317 Latinarum
942 3251 1042 3318 fuisse
1070 3251 1186 3319 Cicero
1208 3255 1241 3319 in

197 3372 298 3437 Bruto
319 3372 362 3437 70
381 3370 442 3435 247
473 3380 593 3435 narrat.
637 3369 711 3449 Quo
743 3369 819 3435 anni
847 3368 965 3445 697157
991 3379 1139 3457 tempore
1167 3392 1241 3435 cum

198 3487 350 3554 Mummio
381 3486 415 3551 in
442 3485 631 3575 Bithyniam
660 3486 776 3554 abierit
806 3484 954 3552 Catullus
985 3510 1050 3553 non
1073 3487 1242 3576 eloquitur.

197 3614 302 3671 tamen
334 3604 369 3669 id
396 3603 579 3669 coniectura
607 3626 671 3669 non
694 3603 889 3691 inprobabili
910 3603 1044 3692 adsequi
1064 3627 1243 3692 possumus.

198 3732 361 3808 praetores
392 3722 476 3786 enim
505 3722 538 3787 iu
560 3722 744 3809 prouincias
766 3744 840 3786 suas
861 3743 928 3785 non
948 3730 1014 3786 tam
1035 3719 1146 3809 primis
1167 3721 1245 3787 anni

200 3838 320 3922 diebus,
344 3839 465 3926 quippe
481 3838 597 3926 quibus
619 3838 735 3903 itinera
748 3838 988 3923 magistratibus
1003 3835 1097 3902 nimis
1111 3837 1247 3903 molesta

198 3954 346 4033 luissent,
370 3978 467 4044 quam
487 3976 566 4020 uere
587 3954 716 4019 demum
739 3952 895 4019 accedere
916 3963 949 4019 ct
970 3953 1084 4020 eodem
1105 3952 1181 4018 anni
1202 3974 1248 4017 se

103 4068 104 4091 *
200 4074 324 4160 quentis
354 4081 498 4159 ternpore
527 4071 602 4137 inde
631 4069 789 4137 decedere
810 4070 959 4136 solebant
979 4070 1034 4154 (of.
1056 4070 1192 4136 Reinius
1212 4071 1247 4135 in

105 4274 107 4287 .
198 4189 299 4255 Panlii
322 4188 592 4276 encyolopaedioe
613 4211 644 4252 vr
666 4188 708 4253 80
729 4196 761 4253 et
783 4186 1089 4326 Marquardtius*de
1111 4187 1246 4274 antiqui-

105 4292 107 4303 ’
977 4290 1012 4351 11
