3342 5200
472 601 524 653 vu
558 602 606 654 Da
622 603 766 656 [rinnau
782 602 978 656 Blrnmco
1199 611 1247 660 161

196 767 339 836 medium
371 767 534 835 cardinem
569 766 710 857 epochae
742 767 936 856 Bithynicae
968 771 1117 857 protrudi
1149 771 1247 839 licere

196 884 287 967 dixit,
309 883 351 950 ab
374 907 459 949 anno
480 885 541 951 hoc
563 885 610 952 ita
631 907 732 951 annos
747 884 871 971 Papirii
886 883 1045 952 Carbonis
1067 888 1246 974 praetorios

196 1022 367 1068 numerare
377 1023 546 1088 possumus
560 1011 596 1066 ut
606 1021 709 1067 annos
723 999 786 1064 222
798 1009 830 1066 et
841 999 904 1064 224
914 1001 1008 1066 annis
1022 1024 1117 1068 aerae
1127 1002 1246 1068 Varro-

195 1118 313 1184 nianac
328 1118 446 1195 698156
461 1127 493 1183 et
509 1118 625 1196 700154
646 1139 821 1206 aequemus
836 1117 854 1182 ‘t
883 1141 947 1206 quo
961 1118 1247 1185 factoMemmium

196 1258 215 1302 a
235 1235 371 1322 Papirio
393 1235 544 1303 Carbone
565 1235 598 1300 in
621 1234 875 1302 administranda
895 1235 1065 1325 prouincia
1095 1238 1245 1324 proxime

198 1362 374 1441 exceptum
395 1375 466 1418 esse
487 1352 591 1418 facilis
613 1361 697 1420 esset
718 1353 910 1420 coniectura
952 1354 1010 1418 sed
1029 1354 1090 1419 hoc
1110 1353 1246 1420 artificio

194 1492 235 1536 ne
266 1491 349 1557 opus
377 1469 508 1556 quidem
537 1478 596 1536 est.
640 1469 736 1535 etiam
765 1470 791 1536 si
820 1493 939 1536 annum
967 1471 1107 1548 4751279
1133 1480 1244 1536 tenere

194 1585 322 1669 lubeat,
362 1609 401 1651 ea
434 1609 519 1675 quae
547 1607 588 1652 ex
617 1586 746 1654 Catullo
775 1586 815 1654 de
843 1586 999 1653 Memmio
1029 1588 1062 1651 in
1088 1585 1245 1674 Bithynia

194 1726 223 1770 a.
244 1703 364 1780 697157
387 1713 598 1792 propraetore
627 1714 660 1771 et
688 1725 773 1792 quac
794 1727 836 1770 ex
864 1703 1004 1769 nummis
1030 1703 1072 1768 de
1093 1702 1244 1770 Carbone

195 1819 311 1886 eodem
342 1842 427 1886 anno
455 1820 630 1908 Bithyniae
652 1821 800 1908 praeside
829 1820 982 1887 docemur
1002 1819 1142 1886 interae
1164 1821 1243 1886 satis

192 1937 277 2002 bene
306 1936 471 2004 conciliari
498 1952 644 2026 possunt.
691 1960 766 2003 nam
791 1947 828 2002 ut
857 1938 921 2003 iam
947 1938 1179 2018 iudicauimus,
1215 1938 1242 2002 si

193 2054 366 2120 statuimus
394 2055 559 2120 cardinem
594 2054 735 2141 epochae
764 2053 958 2140 Bithynicae
989 2075 1074 2120 anno
1102 2053 1241 2131 4751279

190 2171 301 2254 fuisse,
323 2170 513 2238 sumendum
528 2181 577 2236 est
592 2171 668 2238 anni
682 2171 847 2258 Bithyniei
862 2171 989 2236 initium
1003 2170 1241 2259 aequinoctium

191 2289 380 2354 autumnale
410 2289 510 2354 fuisse
535 2311 543 2352 :
564 2287 651 2353 unde
678 2288 772 2354 facile
808 2287 955 2374 intellegi
982 2298 1090 2374 potest
1122 2310 1241 2354 annum

189 2405 253 2470 222
276 2428 349 2470 cum
372 2425 456 2470 anno
478 2405 626 2471 Romano
648 2404 763 2480 697157
793 2426 972 2491 congruere
993 2427 1060 2469 non
1089 2405 1241 2491 potuisse,

190 2522 247 2588 sed
278 2523 326 2588 ita
354 2543 422 2586 rem
448 2543 483 2586 se
511 2520 662 2586 habuisse
694 2531 729 2586 ut
760 2543 864 2586 annus
897 2520 1088 2609 Bithynicus
1115 2521 1178 2586 222
1198 2521 1241 2588 ab

188 2638 394 2726 aequinoctio
409 2638 588 2705 autumnali
603 2639 679 2705 anni
693 2638 809 2723 697157
832 2661 935 2727 usque
956 2638 996 2706 ad
1011 2640 1097 2705 idem
1111 2650 1238 2727 tempus

189 2756 267 2821 anni
283 2756 403 2833 698156
424 2755 621 2823 decurreret.
664 2764 762 2845 atque
780 2779 855 2821 eum
869 2756 1041 2821 Memmius
1062 2778 1140 2821 uere
1161 2755 1238 2821 anni

189 2874 322 2957 698156,
350 2896 415 2962 qua
437 2872 478 2937 de
499 2895 535 2939 re
556 2872 640 2939 infra
661 2896 727 2939 non
747 2873 834 2939 nulla
854 2873 1014 2956 dicemus,
1045 2894 1064 2938 e
1084 2871 1239 2959 Bithynia

189 2990 458 3079 proficisceretur,
482 3012 545 3079 quo
567 3000 711 3077 tempore
730 2989 889 3077 Papirius,
911 2988 938 3055 si
952 3012 988 3055 re
1009 3010 1089 3054 uera
1109 3011 1183 3054 eum
1205 2990 1239 3053 in

191 3107 445 3175 administranda
466 3105 632 3195 prouincia
659 3116 789 3173 secutus
818 3117 883 3189 est,
914 3106 978 3172 iam
1006 3104 1074 3193 ipse
1102 3107 1135 3171 in
1168 3128 1239 3193 pro-

190 3225 297 3291 uincia
318 3248 390 3290 esse
412 3224 540 3307 debuit,
570 3248 590 3291 a
611 3234 756 3311 tempore
777 3245 878 3289 uerno
901 3223 977 3287 anni
998 3222 1116 3299 698156
1136 3245 1238 3310 usque

189 3340 230 3407 ad
266 3341 457 3429 autumnate
493 3338 731 3427 aequinoctium
775 3339 852 3405 satis
893 3340 1047 3426 temporis
1079 3339 1238 3426 reliquum

190 3468 258 3524 erat
281 3481 346 3546 quo
369 3458 490 3521 nummi
515 3456 632 3543 quibus
654 3478 757 3521 annus
781 3455 844 3520 222
865 3454 1038 3542 inscriptus
1059 3465 1108 3519 est
1129 3455 1239 3521 incudi

188 3584 334 3663 possent.
358 3596 470 3639 uerum
486 3576 572 3639 enim
587 3594 664 3639 uero
680 3594 885 3660 quamquam,
901 3581 938 3636 ut
952 3572 1099 3655 uidimus,
1115 3573 1236 3637 nummi

188 3693 264 3757 anni
279 3692 343 3755 222
358 3691 546 3773 rationibus,
570 3712 650 3778 quas
671 3712 731 3755 nos
747 3699 844 3755 antea
861 3688 1082 3771 subduximus,
1104 3688 1235 3754 minime

187 3808 351 3890 officiunt,
376 3791 485 3874 tamen
518 3809 628 3873 facere
660 3830 724 3873 non
746 3829 879 3895 possum
901 3807 980 3895 quin
1001 3805 1235 3873 dubitationem

187 3924 228 3989 de
250 3926 296 3990 eis
317 3924 456 3989 iniciam.
499 3924 588 4013 qued
615 3947 667 3989 me
689 3934 810 3989 temere
834 3924 941 3989 facere
970 3922 1027 3987 uix
1055 3944 1171 3988 uereor
1194 3945 1236 3989 ne

98 4052 100 4123 J
186 4064 317 4127 arguar.
363 4062 503 4128 namque
523 4050 652 4128 praeter
674 4062 822 4106 nummos
845 4040 973 4105 urbium
989 4039 1236 4127 Bithynicamm

99 4194 100 4197 ¹
185 4159 289 4223 Amisi
321 4156 410 4241 (uide
443 4156 590 4223 Bckhelii
610 4156 651 4221 D.
675 4156 716 4221 N.
739 4180 756 4221 n
779 4157 840 4221 347
876 4169 908 4224 et
929 4156 1101 4222 Mionnetii
1121 4156 1233 4221 Descr.

997 4258 1034 4320 ll
1091 4288 1096 4297 ·
