3342 5200
495 619 546 672 Vll
582 621 631 673 Dll
649 619 793 672 lamnas
810 619 1003 672 BITHYNICO
1223 622 1272 672 rte

389 785 576 870 Propontida
597 799 746 850 tnacemm
767 785 922 852 Ponticum
944 787 1055 862 einum,

387 902 443 968 ubi
459 903 519 968 iate
538 914 609 987 poet
622 905 767 988 phaselus
787 916 881 970 autea
899 903 960 986 fuit

387 1031 506 1084 comata
527 1005 613 1084 atur.

221 1191 318 1258 quem
353 1169 491 1234 marium
519 1179 551 1235 et
579 1170 726 1234 locorum
755 1167 900 1233 ordinem
921 1169 947 1233 si
966 1167 1137 1234 inuerteris
1159 1168 1272 1254 (poeta

221 1286 308 1352 enim
341 1286 374 1351 in
405 1285 451 1350 eis
479 1284 682 1351 nominandis
710 1307 729 1348 a
755 1285 861 1369 magis
891 1284 1006 1350 uicinis
1034 1283 1077 1350 ad
1098 1283 1271 1350 remotiora

221 1423 413 1490 progressus
435 1401 514 1483 est),
544 1422 673 1465 cursum
697 1421 792 1488 quem
819 1400 970 1487 phaselus
990 1401 1095 1466 tenuit
1116 1399 1270 1466 adcnratc

221 1518 427 1605 cognoueris.
464 1538 569 1603 neque
591 1515 739 1582 obliuisci
761 1515 915 1582 debemus
937 1514 1111 1596 Catullum,
1133 1540 1205 1582 enm
1228 1539 1270 1583 ex

221 1631 420 1721 Propontide
436 1631 575 1698 Thracia
588 1655 607 1696 a
621 1633 674 1698 uia
688 1641 778 1697 recta
787 1654 920 1699 auersus
933 1633 988 1716 (cf.
1000 1656 1124 1698 xxxxvr
1136 1635 1171 1718 6)
1183 1634 1270 1700 Rho-

222 1750 308 1832 dum,
330 1749 365 1812 in
386 1749 499 1813 urbem
532 1747 644 1812 studiis
665 1747 843 1812 litterarum
864 1748 897 1812 in
919 1748 1031 1834 primis
1050 1750 1271 1838 philosophiae

218 1877 252 1932 et
276 1865 481 1952 eloquentiae
503 1863 564 1929 illis
592 1864 792 1951 temporibus
821 1864 1077 1948 celeberrimam,
1109 1867 1265 1949 tenderet,

218 1981 262 2050 ad
292 1983 438 2048 Troiana
459 1982 528 2046 siue
554 1981 703 2046 Rhoetea
730 1980 824 2046 litora
852 2004 935 2046 naue
958 1982 1092 2070 adpulsa
1113 1985 1269 2050 tumulum

217 2101 330 2166 fratria
352 2108 455 2165 morte
483 2109 611 2164 matura
632 2097 694 2164 sibi
715 2099 878 2186 absumpti
898 2108 1061 2185 postremo
1083 2100 1269 2167 inferiarum

217 2239 356 2282 munere
383 2216 553 2282 donauissc
567 2237 574 2278 :
590 2215 630 2280 cf.
646 2237 775 2280 carmen
791 2233 832 2297 οι,
854 2214 895 2279 de
909 2238 974 2303 quo
988 2239 1065 2282 mox
1079 2218 1173 2304 plura
1187 2218 1269 2284 dice

217 2356 302 2398 mus.
337 2355 532 2422 quamquam
555 2354 596 2397 ex
618 2331 760 2398 carmine
775 2355 827 2414 uu,
849 2333 883 2397 in
903 2332 1014 2418 primia
1029 2355 1070 2398 ex
1089 2334 1158 2400 eius
1173 2357 1267 2399 uersu

217 2451 383 2538 nigesimo
404 2450 507 2515 altero
529 2457 562 2514 et
583 2448 793 2537 sequentibus

370 2633 467 2697 neque
487 2610 553 2675 ulla
574 2622 646 2676 uota
667 2610 838 2675 litoralibus
858 2610 927 2675 deu

372 2728 441 2793 sibi
459 2750 524 2793 aare
541 2726 643 2812 facta,
666 2750 734 2791 cum
755 2728 877 2792 ueniret
895 2751 918 2791 n
938 2728 1043 2792 marei

370 2848 532 2909 nouissime
553 2847 633 2909 lunc
654 2846 697 2907 ud
716 2866 810 2929 usque
830 2844 994 2929 limpidum
1015 2846 1123 2926 locum,

218 3000 387 3068 Catullum
422 3002 554 3089 phaselo
590 3024 648 3066 suo
687 3023 729 3067 ex
764 3003 846 3067 mari
881 3000 1053 3067 Adriatico
1087 3002 1118 3067 in
1162 3003 1265 3066 lacum

216 3119 387 3185 Benacum
426 3118 598 3203 nauigasse
633 3118 838 3185 manifestum
869 3131 938 3202 est,
980 3129 1089 3184 tamen
1127 3142 1266 3207 quanam

216 3236 345 3302 ratione
365 3236 397 3301 id
411 3235 583 3322 perfecerit
604 3236 756 3301 adcurate
776 3234 911 3301 indicari
934 3258 999 3300 non
1020 3244 1136 3323 potest
1167 3233 1266 3302 Scali-

217 3375 278 3440 ger
305 3354 435 3439 putauit
456 3352 622 3439 phaselum
646 3374 704 3440 per
726 3352 851 3417 Padurn
873 3362 907 3417 et
933 3351 1090 3416 Mincium
1112 3351 1266 3417 aduersos

217 3470 379 3535 inlocum
401 3469 567 3533 Benacum
589 3470 772 3557 nauigasse.
816 3468 873 3533 sed
896 3468 1008 3551 hodie,
1037 3478 1074 3533 nt
1094 3469 1265 3555 regionum

217 3586 346 3653 illerum
366 3584 460 3673 periti
482 3586 668 3667 adfirmant,
700 3607 806 3673 neque
838 3586 900 3650 hac
921 3585 975 3650 uia
997 3586 1043 3650 nti
1063 3585 1137 3651 licet
1159 3607 1264 3672 neque

217 3704 251 3767 in
283 3703 469 3768 uniuersum
508 3704 574 3768 ulla
610 3703 777 3790 nauigatio
816 3701 901 3768 inter
934 3724 1024 3767 mare
1061 3702 1264 3767 Adriaticum

216 3832 250 3886 et
290 3820 458 3886 Benacum
493 3821 597 3885 lacum
641 3827 740 3884 extat.
789 3828 919 3902 tamen,
957 3830 993 3883 ut
1030 3842 1071 3885 ex
1106 3820 1152 3883 eis
1182 3842 1265 3906 quae

215 3938 257 4002 A.
289 3934 332 4002 G.
361 3934 532 4023 Zumptius
564 3936 598 4001 in
630 3935 795 4001 Leutschii
827 3935 985 4022 philologi
1016 3959 1059 4000 ιιι
1091 3936 1152 4000 754
1184 3935 1266 4002 dixit

214 4054 364 4140 conpari,
397 4054 537 4118 Ioannes
565 4053 784 4140 Hieronymus
814 4052 927 4119 Ortius
947 4051 980 4117 in
1002 4052 1084 4118 libro
1107 4074 1203 4140 quem
1225 4054 1265 4117 de

216 4170 376 4239 Sirmioue
398 4169 503 4237 insula
524 4171 673 4237 Veronae
695 4194 724 4237 a.
749 4170 830 4236 1856
851 4167 954 4235 edidit
977 4168 1096 4235 Catulli
1117 4170 1264 4256 tempori·
