<?xml version="1.0" encoding="UTF-8"?>
<!DOCTYPE html PUBLIC "-//W3C//DTD XHTML 1.0 Transitional//EN"
    "http://www.w3.org/TR/xhtml1/DTD/xhtml1-transitional.dtd">
<html xmlns="http://www.w3.org/1999/xhtml" xml:lang="en" lang="en">
 <head>
  <title>
</title>
<meta http-equiv="Content-Type" content="text/html;charset=utf-8" />
  <meta name='ocr-system' content='tesseract 3.04.00' />
  <meta name='ocr-capabilities' content='ocr_page ocr_carea ocr_par ocr_line ocrx_word'/>
</head>
<body>
  <div class='ocr_page' id='page_1' title='image "./gvalericatvllil01catugoog_0264.png"; bbox 0 0 3342 5200; ppageno 0'>
   <div class='ocr_carea' id='block_1_1' title="bbox 310 601 1050 724">
    <p class='ocr_par' dir='ltr' id='par_1_1' title="bbox 310 601 1050 724">
     <span class='ocr_line' id='line_1_1' title="bbox 310 601 1050 724; baseline -0.007 0"><span class='ocrx_word' id='word_1_1' title='bbox 310 676 360 724; x_wconf 74' lang='grc'><strong>344</strong></span> <span class='ocrx_word' id='word_1_2' title='bbox 384 601 399 632; x_wconf 75' lang='lat'><strong>‘</strong></span> <span class='ocrx_word' id='word_1_3' title='bbox 622 670 701 720; x_wconf 82' lang='lat' dir='ltr'>x1111</span> <span class='ocrx_word' id='word_1_4' title='bbox 735 669 783 719; x_wconf 79' lang='lat' dir='ltr'><strong>DE</strong></span> <span class='ocrx_word' id='word_1_5' title='bbox 801 667 956 720; x_wconf 72' lang='lat' dir='ltr'><strong>causamn</strong></span> <span class='ocrx_word' id='word_1_6' title='bbox 973 667 1050 720; x_wconf 83' lang='lat' dir='ltr'><strong>xvn</strong></span> 
     </span>
    </p>
   </div>
   <div class='ocr_carea' id='block_1_2' title="bbox 392 835 1337 1251">
    <p class='ocr_par' dir='ltr' id='par_1_2' title="bbox 394 835 1337 1037">
     <span class='ocr_line' id='line_1_2' title="bbox 394 835 1337 922; baseline 0.001 -21"><span class='ocrx_word' id='word_1_7' title='bbox 394 836 488 915; x_wconf 75' lang='lat' dir='ltr'><strong>Quod</strong></span> <span class='ocrx_word' id='word_1_8' title='bbox 508 837 585 901; x_wconf 75' lang='lat' dir='ltr'><strong>mut</strong></span> <span class='ocrx_word' id='word_1_9' title='bbox 594 835 771 922; x_wconf 78' lang='lat' dir='ltr'><strong>fortuna</strong></span> <span class='ocrx_word' id='word_1_10' title='bbox 792 857 971 921; x_wconf 75' lang='lat' dir='ltr'><strong>casuque</strong></span> <span class='ocrx_word' id='word_1_11' title='bbox 991 858 1161 921; x_wconf 76' lang='lat' dir='ltr'><strong>oppressus</strong></span> <span class='ocrx_word' id='word_1_12' title='bbox 1184 838 1337 903; x_wconf 77' lang='lat' dir='ltr'><strong>acerbo</strong></span> 
     </span>
     <span class='ocr_line' id='line_1_3' title="bbox 433 952 1173 1037; baseline -0.003 -19"><span class='ocrx_word' id='word_1_13' title='bbox 433 953 637 1037; x_wconf 77' lang='lat' dir='ltr'><strong>couscriptum</strong></span> <span class='ocrx_word' id='word_1_14' title='bbox 658 955 711 1019; x_wconf 80' lang='lat' dir='ltr'><strong>loc</strong></span> <span class='ocrx_word' id='word_1_15' title='bbox 732 955 865 1017; x_wconf 63' lang='lat' dir='ltr'><strong>incuruis</strong></span> <span class='ocrx_word' id='word_1_16' title='bbox 885 956 970 1017; x_wconf 70' lang='lat' dir='ltr'><strong>mutis</strong></span> <span class='ocrx_word' id='word_1_17' title='bbox 991 952 1173 1037; x_wconf 79' lang='lat' dir='ltr'><strong>epistolium,</strong></span> 
     </span>
    </p>

    <p class='ocr_par' dir='ltr' id='par_1_3' title="bbox 392 1067 1304 1251">
     <span class='ocr_line' id='line_1_4' title="bbox 392 1067 1304 1157; baseline 0 -23"><span class='ocrx_word' id='word_1_18' title='bbox 392 1068 586 1157; x_wconf 76' lang='lat' dir='ltr'><strong>naufrapum</strong></span> <span class='ocrx_word' id='word_1_19' title='bbox 606 1081 638 1133; x_wconf 83' lang='lat' dir='ltr'><strong>ut</strong></span> <span class='ocrx_word' id='word_1_20' title='bbox 657 1068 783 1133; x_wconf 76' lang='lat' dir='ltr'><strong>eiectum</strong></span> <span class='ocrx_word' id='word_1_21' title='bbox 805 1067 1015 1152; x_wconf 76' lang='lat' dir='ltr'><strong>spumantibus</strong></span> <span class='ocrx_word' id='word_1_22' title='bbox 1035 1073 1181 1153; x_wconf 75' lang='lat' dir='ltr'><strong>ocqrroris</strong></span> <span class='ocrx_word' id='word_1_23' title='bbox 1201 1068 1304 1134; x_wconf 72' lang='lat' dir='ltr'><strong>mdia</strong></span> 
     </span>
     <span class='ocr_line' id='line_1_5' title="bbox 433 1185 1232 1251; baseline -0.001 0"><span class='ocrx_word' id='word_1_24' title='bbox 433 1186 588 1251; x_wconf 70' lang='lat' dir='ltr'><strong>sctum</strong></span> <span class='ocrx_word' id='word_1_25' title='bbox 609 1198 636 1250; x_wconf 82' lang='lat' dir='ltr'><strong>et</strong></span> <span class='ocrx_word' id='word_1_26' title='bbox 656 1209 677 1249; x_wconf 82' lang='lat' dir='ltr'><strong>a</strong></span> <span class='ocrx_word' id='word_1_27' title='bbox 697 1186 835 1250; x_wconf 79' lang='lat' dir='ltr'><strong>mortis</strong></span> <span class='ocrx_word' id='word_1_28' title='bbox 856 1185 961 1250; x_wconf 75' lang='lat' dir='ltr'><strong>limiae</strong></span> <span class='ocrx_word' id='word_1_29' title='bbox 981 1190 1136 1250; x_wconf 70' lang='lat' dir='ltr'><strong><em>restituam</em></strong></span> <span class='ocrx_word' id='word_1_30' title='bbox 1159 1235 1167 1250; x_wconf 92' lang='lat'><strong>.</strong></span> <span class='ocrx_word' id='word_1_31' title='bbox 1191 1233 1200 1250; x_wconf 90' lang='lat'><strong>.</strong></span> <span class='ocrx_word' id='word_1_32' title='bbox 1223 1234 1232 1250; x_wconf 89' lang='lat'><strong>.</strong></span> 
     </span>
    </p>
   </div>
   <div class='ocr_carea' id='block_1_3' title="bbox 308 1361 1362 2174">
    <p class='ocr_par' dir='ltr' id='par_1_4' title="bbox 308 1361 1362 2174">
     <span class='ocr_line' id='line_1_6' title="bbox 310 1361 1362 1473; baseline 0 -22"><span class='ocrx_word' id='word_1_33' title='bbox 310 1386 389 1452; x_wconf 84' lang='lat' dir='ltr'><strong>haec</strong></span> <span class='ocrx_word' id='word_1_34' title='bbox 418 1386 445 1450; x_wconf 89' lang='lat' dir='ltr'><strong>si</strong></span> <span class='ocrx_word' id='word_1_35' title='bbox 473 1384 685 1473; x_wconf 79' lang='lat' dir='ltr'><strong>probabiliter</strong></span> <span class='ocrx_word' id='word_1_36' title='bbox 713 1384 876 1471; x_wconf 88' lang='lat' dir='ltr'><strong>disputata</strong></span> <span class='ocrx_word' id='word_1_37' title='bbox 898 1395 981 1468; x_wconf 86' lang='lat' dir='ltr'><strong>sunt,</strong></span> <span class='ocrx_word' id='word_1_38' title='bbox 1003 1361 1231 1450; x_wconf 76' lang='lat' dir='ltr'><strong>collicicndum</strong></span> <span class='ocrx_word' id='word_1_39' title='bbox 1256 1394 1307 1451; x_wconf 85' lang='lat' dir='ltr'><strong>ast</strong></span> <span class='ocrx_word' id='word_1_40' title='bbox 1326 1384 1362 1451; x_wconf 81' lang='lat' dir='ltr'><strong>L.</strong></span> 
     </span>
     <span class='ocr_line' id='line_1_7' title="bbox 309 1500 1361 1589; baseline -0.001 -22"><span class='ocrx_word' id='word_1_41' title='bbox 309 1502 465 1568; x_wconf 87' lang='lat' dir='ltr'><strong>Manlium</strong></span> <span class='ocrx_word' id='word_1_42' title='bbox 507 1502 709 1589; x_wconf 77' lang='lat' dir='ltr'><strong>Torquatum</strong></span> <span class='ocrx_word' id='word_1_43' title='bbox 754 1501 883 1567; x_wconf 90' lang='lat' dir='ltr'><strong>Viniam</strong></span> <span class='ocrx_word' id='word_1_44' title='bbox 926 1500 1184 1567; x_wconf 72' lang='lat' dir='ltr'><strong>Aurunculeium</strong></span> <span class='ocrx_word' id='word_1_45' title='bbox 1228 1524 1361 1568; x_wconf 84' lang='lat' dir='ltr'><strong>uxorem</strong></span> 
     </span>
     <span class='ocr_line' id='line_1_8' title="bbox 309 1617 1360 1685; baseline 0 -2"><span class='ocrx_word' id='word_1_46' title='bbox 309 1641 425 1685; x_wconf 90' lang='lat' dir='ltr'><strong>nouam</strong></span> <span class='ocrx_word' id='word_1_47' title='bbox 448 1641 526 1684; x_wconf 82' lang='lat' dir='ltr'><strong>mox</strong></span> <span class='ocrx_word' id='word_1_48' title='bbox 547 1628 651 1684; x_wconf 84' lang='lat' dir='ltr'><strong>morto</strong></span> <span class='ocrx_word' id='word_1_49' title='bbox 673 1617 826 1684; x_wconf 84' lang='lat' dir='ltr'><strong>amisisse.</strong></span> <span class='ocrx_word' id='word_1_50' title='bbox 869 1620 934 1685; x_wconf 91' lang='lat' dir='ltr'><strong>iam</strong></span> <span class='ocrx_word' id='word_1_51' title='bbox 948 1619 974 1684; x_wconf 88' lang='lat' dir='ltr'><strong>si</strong></span> <span class='ocrx_word' id='word_1_52' title='bbox 992 1639 1122 1684; x_wconf 86' lang='lat' dir='ltr'><strong>carmon</strong></span> <span class='ocrx_word' id='word_1_53' title='bbox 1137 1634 1260 1683; x_wconf 82' lang='lat' dir='ltr'><strong>varn⁸</strong></span> <span class='ocrx_word' id='word_1_54' title='bbox 1281 1642 1360 1684; x_wconf 90' lang='lat' dir='ltr'><strong>anno</strong></span> 
     </span>
     <span class='ocr_line' id='line_1_9' title="bbox 308 1734 1359 1824; baseline -0.001 -23"><span class='ocrx_word' id='word_1_55' title='bbox 308 1736 426 1813; x_wconf 77' lang='lat' dir='ltr'><strong>696l58</strong></span> <span class='ocrx_word' id='word_1_56' title='bbox 448 1737 603 1823; x_wconf 89' lang='lat' dir='ltr'><strong>scriptum</strong></span> <span class='ocrx_word' id='word_1_57' title='bbox 626 1756 697 1801; x_wconf 82' lang='lat' dir='ltr'><strong>esse</strong></span> <span class='ocrx_word' id='word_1_58' title='bbox 719 1757 779 1800; x_wconf 90' lang='lat' dir='ltr'><strong>nos</strong></span> <span class='ocrx_word' id='word_1_59' title='bbox 798 1758 897 1823; x_wconf 87' lang='lat' dir='ltr'><strong>supra</strong></span> <span class='ocrx_word' id='word_1_60' title='bbox 917 1759 946 1824; x_wconf 88' lang='lat' dir='ltr'><strong>p.</strong></span> <span class='ocrx_word' id='word_1_61' title='bbox 968 1736 1036 1801; x_wconf 81' lang='lat'>124.</span> <span class='ocrx_word' id='word_1_62' title='bbox 1060 1734 1119 1799; x_wconf 84' lang='lat'><strong>134</strong></span> <span class='ocrx_word' id='word_1_63' title='bbox 1141 1746 1233 1801; x_wconf 74' lang='lat' dir='ltr'><strong>recte</strong></span> <span class='ocrx_word' id='word_1_64' title='bbox 1256 1734 1359 1802; x_wconf 87' lang='lat' dir='ltr'><strong>statui·</strong></span> 
     </span>
     <span class='ocr_line' id='line_1_10' title="bbox 308 1831 1359 1937; baseline -0.001 -19"><span class='ocrx_word' id='word_1_65' title='bbox 308 1875 389 1936; x_wconf 82' lang='lat' dir='ltr'><strong>mus,</strong></span> <span class='ocrx_word' id='word_1_66' title='bbox 412 1854 523 1919; x_wconf 82' lang='lat' dir='ltr'><strong>codem</strong></span> <span class='ocrx_word' id='word_1_67' title='bbox 544 1873 628 1919; x_wconf 87' lang='lat' dir='ltr'><strong>anno</strong></span> <span class='ocrx_word' id='word_1_68' title='bbox 644 1851 773 1917; x_wconf 82' lang='lat' dir='ltr'><strong>Vinium</strong></span> <span class='ocrx_word' id='word_1_69' title='bbox 796 1873 813 1917; x_wconf 86' lang='lat' dir='ltr'><strong>o</strong></span> <span class='ocrx_word' id='word_1_70' title='bbox 835 1851 903 1917; x_wconf 86' lang='lat' dir='ltr'><strong>uita</strong></span> <span class='ocrx_word' id='word_1_71' title='bbox 924 1831 1101 1918; x_wconf 77' lang='lat' dir='ltr'><strong>lleccssisac</strong></span> <span class='ocrx_word' id='word_1_72' title='bbox 1117 1852 1291 1937; x_wconf 78' lang='lat' dir='ltr'>probabile</span> <span class='ocrx_word' id='word_1_73' title='bbox 1306 1861 1359 1933; x_wconf 87' lang='lat' dir='ltr'><strong>ost,</strong></span> 
     </span>
     <span class='ocr_line' id='line_1_11' title="bbox 309 1966 1358 2057; baseline -0.001 -22"><span class='ocrx_word' id='word_1_74' title='bbox 309 1971 394 2035; x_wconf 84' lang='lat' dir='ltr'><strong>unde</strong></span> <span class='ocrx_word' id='word_1_75' title='bbox 414 1970 541 2057; x_wconf 77' lang='lat' dir='ltr'><strong>nuptias</strong></span> <span class='ocrx_word' id='word_1_76' title='bbox 564 1970 631 2033; x_wconf 88' lang='lat' dir='ltr'><strong>cius</strong></span> <span class='ocrx_word' id='word_1_77' title='bbox 654 1977 686 2033; x_wconf 82' lang='lat' dir='ltr'><strong>et</strong></span> <span class='ocrx_word' id='word_1_78' title='bbox 708 1967 838 2049; x_wconf 89' lang='lat' dir='ltr'><strong>Manlii,</strong></span> <span class='ocrx_word' id='word_1_79' title='bbox 868 1966 909 2032; x_wconf 87' lang='lat' dir='ltr'><strong>dc</strong></span> <span class='ocrx_word' id='word_1_80' title='bbox 930 1968 1047 2056; x_wconf 90' lang='lat' dir='ltr'><strong>quibus</strong></span> <span class='ocrx_word' id='word_1_81' title='bbox 1068 1990 1201 2034; x_wconf 83' lang='lat' dir='ltr'><strong>carmen</strong></span> <span class='ocrx_word' id='word_1_82' title='bbox 1223 1988 1284 2034; x_wconf 73' lang='lat' dir='ltr'><strong>Lx·</strong></span> <span class='ocrx_word' id='word_1_83' title='bbox 1306 1978 1358 2050; x_wconf 86' lang='lat' dir='ltr'><strong>cst,</strong></span> 
     </span>
     <span class='ocr_line' id='line_1_12' title="bbox 310 2084 1090 2174; baseline -0.005 -22"><span class='ocrx_word' id='word_1_84' title='bbox 310 2086 474 2174; x_wconf 86' lang='lat' dir='ltr'><strong>aliquanto</strong></span> <span class='ocrx_word' id='word_1_85' title='bbox 497 2095 570 2151; x_wconf 87' lang='lat' dir='ltr'><strong>ante</strong></span> <span class='ocrx_word' id='word_1_86' title='bbox 592 2084 709 2163; x_wconf 77' lang='grc'>696158</span> <span class='ocrx_word' id='word_1_87' title='bbox 730 2084 832 2150; x_wconf 87' lang='lat' dir='ltr'><strong>factas</strong></span> <span class='ocrx_word' id='word_1_88' title='bbox 855 2105 926 2150; x_wconf 82' lang='lat' dir='ltr'><strong>osse</strong></span> <span class='ocrx_word' id='word_1_89' title='bbox 946 2084 1090 2170; x_wconf 78' lang='lat' dir='ltr'>adparet.</span> 
     </span>
    </p>
   </div>
   <div class='ocr_carea' id='block_1_4' title="bbox 307 2213 1370 4310">
    <p class='ocr_par' dir='ltr' id='par_1_5' title="bbox 307 2213 1370 4310">
     <span class='ocr_line' id='line_1_13' title="bbox 392 2213 1358 2322; baseline -0.002 -21"><span class='ocrx_word' id='word_1_90' title='bbox 392 2233 648 2301; x_wconf 85' lang='lat' dir='ltr'><strong>Difficultatibus</strong></span> <span class='ocrx_word' id='word_1_91' title='bbox 669 2235 778 2300; x_wconf 85' lang='lat' dir='ltr'><strong>multis</strong></span> <span class='ocrx_word' id='word_1_92' title='bbox 800 2233 975 2322; x_wconf 89' lang='lat' dir='ltr'><strong>disputatio</strong></span> <span class='ocrx_word' id='word_1_93' title='bbox 997 2233 1038 2299; x_wconf 88' lang='lat' dir='ltr'><strong>ds</strong></span> <span class='ocrx_word' id='word_1_94' title='bbox 1065 2213 1265 2301; x_wconf 71' lang='lat' dir='ltr'><strong>carminibus</strong></span> <span class='ocrx_word' id='word_1_95' title='bbox 1287 2235 1358 2301; x_wconf 81' lang='lat' dir='ltr'><strong>duo</strong></span> 
     </span>
     <span class='ocr_line' id='line_1_14' title="bbox 308 2348 1358 2443; baseline 0.002 -28"><span class='ocrx_word' id='word_1_96' title='bbox 308 2351 368 2416; x_wconf 86' lang='lat' dir='ltr'><strong>bus</strong></span> <span class='ocrx_word' id='word_1_97' title='bbox 389 2373 473 2439; x_wconf 86' lang='lat' dir='ltr'><strong>quas</strong></span> <span class='ocrx_word' id='word_1_98' title='bbox 499 2350 541 2417; x_wconf 87' lang='lat' dir='ltr'><strong>ad</strong></span> <span class='ocrx_word' id='word_1_99' title='bbox 568 2351 714 2416; x_wconf 87' lang='lat' dir='ltr'><strong>homines</strong></span> <span class='ocrx_word' id='word_1_100' title='bbox 736 2362 769 2417; x_wconf 87' lang='lat' dir='ltr'><strong>ct</strong></span> <span class='ocrx_word' id='word_1_101' title='bbox 790 2372 847 2443; x_wconf 18' lang='lat' dir='ltr'><strong>ros*</strong></span> <span class='ocrx_word' id='word_1_102' title='bbox 865 2348 993 2417; x_wconf 83' lang='lat' dir='ltr'><strong>Galliae</strong></span> <span class='ocrx_word' id='word_1_103' title='bbox 1015 2350 1210 2439; x_wconf 80' lang='lat' dir='ltr'><strong>Cisalpinae,</strong></span> <span class='ocrx_word' id='word_1_104' title='bbox 1233 2350 1358 2439; x_wconf 88' lang='lat' dir='ltr'><strong>prouin-</strong></span> 
     </span>
     <span class='ocr_line' id='line_1_15' title="bbox 309 2467 1357 2556; baseline 0 -23"><span class='ocrx_word' id='word_1_105' title='bbox 309 2469 377 2533; x_wconf 90' lang='lat' dir='ltr'><strong>ciac</strong></span> <span class='ocrx_word' id='word_1_106' title='bbox 391 2468 518 2535; x_wconf 83' lang='lat' dir='ltr'><strong>Catullo</strong></span> <span class='ocrx_word' id='word_1_107' title='bbox 540 2470 674 2555; x_wconf 79' lang='lat' dir='ltr'><strong>patriae,</strong></span> <span class='ocrx_word' id='word_1_108' title='bbox 695 2477 843 2556; x_wconf 81' lang='lat' dir='ltr'><strong>spectant</strong></span> <span class='ocrx_word' id='word_1_109' title='bbox 863 2467 1007 2556; x_wconf 82' lang='lat' dir='ltr'><strong>inpedita</strong></span> <span class='ocrx_word' id='word_1_110' title='bbox 1026 2478 1085 2534; x_wconf 79' lang='lat' dir='ltr'><strong>ost</strong></span> <span class='ocrx_word' id='word_1_111' title='bbox 1120 2468 1194 2534; x_wconf 88' lang='lat' dir='ltr'><strong>dico</strong></span> <span class='ocrx_word' id='word_1_112' title='bbox 1217 2469 1357 2533; x_wconf 84' lang='lat' dir='ltr'><strong>carmina</strong></span> 
     </span>
     <span class='ocr_line' id='line_1_16' title="bbox 310 2584 1356 2672; baseline -0.003 -22"><span class='ocrx_word' id='word_1_113' title='bbox 310 2608 374 2650; x_wconf 86' lang='lat' dir='ltr'><strong>xvn</strong></span> <span class='ocrx_word' id='word_1_114' title='bbox 408 2586 435 2651; x_wconf 91' lang='lat'><em>0</em></span> <span class='ocrx_word' id='word_1_115' title='bbox 462 2584 587 2652; x_wconf 76' lang='lat' dir='ltr'><strong>Colonia</strong></span> <span class='ocrx_word' id='word_1_116' title='bbox 619 2609 698 2672; x_wconf 82' lang='lat' dir='ltr'><strong>quoe</strong></span> <span class='ocrx_word' id='word_1_117' title='bbox 726 2586 819 2671; x_wconf 78' lang='lat' dir='ltr'><strong>cupis</strong></span> <span class='ocrx_word' id='word_1_118' title='bbox 846 2596 939 2671; x_wconf 80' lang='lat' dir='ltr'><strong>poulo</strong></span> <span class='ocrx_word' id='word_1_119' title='bbox 967 2585 1069 2650; x_wconf 70' lang='lat' dir='ltr'><strong>hedera</strong></span> <span class='ocrx_word' id='word_1_120' title='bbox 1096 2584 1188 2672; x_wconf 75' lang='lat' dir='ltr'><strong>loupo</strong></span> <span class='ocrx_word' id='word_1_121' title='bbox 1217 2594 1252 2650; x_wconf 88' lang='lat' dir='ltr'><strong>ct</strong></span> <span class='ocrx_word' id='word_1_122' title='bbox 1273 2605 1356 2651; x_wconf 81' lang='lat' dir='ltr'><strong>vau</strong></span> 
     </span>
     <span class='ocr_line' id='line_1_17' title="bbox 312 2699 1356 2790; baseline -0.002 -23"><span class='ocrx_word' id='word_1_123' title='bbox 312 2702 339 2766; x_wconf 91' lang='lat'><em>0</em></span> <span class='ocrx_word' id='word_1_124' title='bbox 361 2704 447 2767; x_wconf 74' lang='lat' dir='ltr'><strong>dulci</strong></span> <span class='ocrx_word' id='word_1_125' title='bbox 464 2702 601 2767; x_wconf 74' lang='lat' dir='ltr'><strong>iucundo</strong></span> <span class='ocrx_word' id='word_1_126' title='bbox 622 2706 695 2766; x_wconf 83' lang='lat' dir='ltr'><strong>uiro</strong></span> <span class='ocrx_word' id='word_1_127' title='bbox 716 2701 852 2766; x_wconf 68' lang='lat' dir='ltr'><strong>morando</strong></span> <span class='ocrx_word' id='word_1_128' title='bbox 871 2707 1001 2786; x_wconf 79' lang='lat' dir='ltr'><strong>parenti.</strong></span> <span class='ocrx_word' id='word_1_129' title='bbox 1046 2699 1185 2768; x_wconf 79' lang='lat' dir='ltr'><strong>Colonia</strong></span> <span class='ocrx_word' id='word_1_130' title='bbox 1199 2701 1256 2767; x_wconf 88' lang='lat' dir='ltr'><strong>illa</strong></span> <span class='ocrx_word' id='word_1_131' title='bbox 1278 2721 1356 2790; x_wconf 84' lang='lat' dir='ltr'><strong>quae</strong></span> 
     </span>
     <span class='ocr_line' id='line_1_18' title="bbox 308 2818 1357 2907; baseline 0 -24"><span class='ocrx_word' id='word_1_132' title='bbox 308 2818 407 2884; x_wconf 86' lang='lat' dir='ltr'><strong>fuerit</strong></span> <span class='ocrx_word' id='word_1_133' title='bbox 430 2818 490 2883; x_wconf 88' lang='lat' dir='ltr'><strong>uiri</strong></span> <span class='ocrx_word' id='word_1_134' title='bbox 513 2818 598 2884; x_wconf 86' lang='lat' dir='ltr'><strong>docti</strong></span> <span class='ocrx_word' id='word_1_135' title='bbox 621 2840 739 2905; x_wconf 86' lang='lat' dir='ltr'><strong>magno</strong></span> <span class='ocrx_word' id='word_1_136' title='bbox 761 2839 859 2904; x_wconf 83' lang='lat' dir='ltr'><strong>opere</strong></span> <span class='ocrx_word' id='word_1_137' title='bbox 875 2818 1057 2904; x_wconf 84' lang='lat' dir='ltr'><strong>ambigunt.</strong></span> <span class='ocrx_word' id='word_1_138' title='bbox 1101 2827 1210 2883; x_wconf 82' lang='lat' dir='ltr'><strong>tamon</strong></span> <span class='ocrx_word' id='word_1_139' title='bbox 1235 2818 1268 2883; x_wconf 90' lang='lat' dir='ltr'><strong>in</strong></span> <span class='ocrx_word' id='word_1_140' title='bbox 1290 2841 1357 2907; x_wconf 85' lang='lat' dir='ltr'><strong>pro</strong></span> 
     </span>
     <span class='ocr_line' id='line_1_19' title="bbox 309 2934 1356 3023; baseline 0.001 -23"><span class='ocrx_word' id='word_1_141' title='bbox 309 2935 415 3001; x_wconf 89' lang='lat' dir='ltr'><strong>uincia</strong></span> <span class='ocrx_word' id='word_1_142' title='bbox 441 2934 544 3023; x_wconf 86' lang='lat' dir='ltr'><strong>patria</strong></span> <span class='ocrx_word' id='word_1_143' title='bbox 576 2945 692 3023; x_wconf 83' lang='lat' dir='ltr'><strong>poetae</strong></span> <span class='ocrx_word' id='word_1_144' title='bbox 725 2957 795 3000; x_wconf 86' lang='lat' dir='ltr'><strong>sam</strong></span> <span class='ocrx_word' id='word_1_145' title='bbox 825 2935 924 3000; x_wconf 80' lang='lat' dir='ltr'><strong>fuisso</strong></span> <span class='ocrx_word' id='word_1_146' title='bbox 945 2956 988 2999; x_wconf 86' lang='lat' dir='ltr'><strong>ex</strong></span> <span class='ocrx_word' id='word_1_147' title='bbox 1008 2955 1105 3000; x_wconf 81' lang='lat' dir='ltr'><strong>uersu</strong></span> <span class='ocrx_word' id='word_1_148' title='bbox 1126 2944 1263 3018; x_wconf 71' lang='lat' dir='ltr'><strong>octauo,</strong></span> <span class='ocrx_word' id='word_1_149' title='bbox 1296 2958 1356 3023; x_wconf 91' lang='lat' dir='ltr'><strong>quo</strong></span> 
     </span>
     <span class='ocr_line' id='line_1_20' title="bbox 309 3049 1356 3141; baseline 0.001 -25"><span class='ocrx_word' id='word_1_150' title='bbox 309 3049 455 3117; x_wconf 81' lang='lat' dir='ltr'><strong>Catullus</strong></span> <span class='ocrx_word' id='word_1_151' title='bbox 482 3052 645 3117; x_wconf 86' lang='lat' dir='ltr'><strong>hominem</strong></span> <span class='ocrx_word' id='word_1_152' title='bbox 672 3073 768 3137; x_wconf 81' lang='lat' dir='ltr'><strong>quem</strong></span> <span class='ocrx_word' id='word_1_153' title='bbox 793 3051 855 3117; x_wconf 89' lang='lat' dir='ltr'><strong>hoc</strong></span> <span class='ocrx_word' id='word_1_154' title='bbox 876 3050 1017 3116; x_wconf 86' lang='lat' dir='ltr'><strong>carmina</strong></span> <span class='ocrx_word' id='word_1_155' title='bbox 1038 3051 1143 3117; x_wconf 83' lang='lat' dir='ltr'><strong>inrisit</strong></span> <span class='ocrx_word' id='word_1_156' title='bbox 1163 3052 1356 3141; x_wconf 77' lang='lat' dir='ltr'><strong>municipem</strong></span> 
     </span>
     <span class='ocr_line' id='line_1_21' title="bbox 309 3167 1356 3257; baseline 0.003 -24"><span class='ocrx_word' id='word_1_157' title='bbox 309 3167 485 3256; x_wconf 81' lang='lat' dir='ltr'><strong>adpellauit</strong></span> <span class='ocrx_word' id='word_1_158' title='bbox 507 3191 616 3251; x_wconf 89' lang='lat' dir='ltr'><strong>suum,</strong></span> <span class='ocrx_word' id='word_1_159' title='bbox 639 3168 805 3255; x_wconf 86' lang='lat' dir='ltr'><strong>conligere</strong></span> <span class='ocrx_word' id='word_1_160' title='bbox 825 3189 923 3257; x_wconf 82' lang='lat' dir='ltr'><strong>posse</strong></span> <span class='ocrx_word' id='word_1_161' title='bbox 943 3168 1100 3233; x_wconf 84' lang='lat' dir='ltr'><strong>uidemur.</strong></span> <span class='ocrx_word' id='word_1_162' title='bbox 1142 3190 1251 3255; x_wconf 82' lang='lat' dir='ltr'><strong>neque</strong></span> <span class='ocrx_word' id='word_1_163' title='bbox 1273 3170 1356 3236; x_wconf 83' lang='lat' dir='ltr'><strong>aliud</strong></span> 
     </span>
     <span class='ocr_line' id='line_1_22' title="bbox 309 3283 1358 3373; baseline 0.001 -23"><span class='ocrx_word' id='word_1_164' title='bbox 309 3284 387 3373; x_wconf 91' lang='lat' dir='ltr'><strong>quid</strong></span> <span class='ocrx_word' id='word_1_165' title='bbox 408 3285 469 3350; x_wconf 88' lang='lat' dir='ltr'><strong>nisi</strong></span> <span class='ocrx_word' id='word_1_166' title='bbox 493 3287 638 3351; x_wconf 90' lang='lat' dir='ltr'><strong>locorum</strong></span> <span class='ocrx_word' id='word_1_167' title='bbox 659 3285 809 3351; x_wconf 88' lang='lat' dir='ltr'><strong>uicinitas</strong></span> <span class='ocrx_word' id='word_1_168' title='bbox 828 3283 990 3351; x_wconf 83' lang='lat' dir='ltr'><strong>Catullum</strong></span> <span class='ocrx_word' id='word_1_169' title='bbox 1011 3284 1151 3350; x_wconf 78' lang='lat' dir='ltr'><strong>mouisse</strong></span> <span class='ocrx_word' id='word_1_170' title='bbox 1173 3284 1305 3353; x_wconf 83' lang='lat' dir='ltr'><strong>uidetur</strong></span> <span class='ocrx_word' id='word_1_171' title='bbox 1324 3296 1358 3352; x_wconf 88' lang='lat' dir='ltr'><strong>ut</strong></span> 
     </span>
     <span class='ocr_line' id='line_1_23' title="bbox 309 3395 1358 3490; baseline 0.002 -24"><span class='ocrx_word' id='word_1_172' title='bbox 309 3401 469 3467; x_wconf 88' lang='lat' dir='ltr'><strong>hominem</strong></span> <span class='ocrx_word' id='word_1_173' title='bbox 500 3402 650 3468; x_wconf 85' lang='lat' dir='ltr'><strong>stolidum</strong></span> <span class='ocrx_word' id='word_1_174' title='bbox 680 3402 767 3467; x_wconf 90' lang='lat' dir='ltr'><strong>illum</strong></span> <span class='ocrx_word' id='word_1_175' title='bbox 797 3402 830 3466; x_wconf 96' lang='lat' dir='ltr'><strong>in</strong></span> <span class='ocrx_word' id='word_1_176' title='bbox 860 3423 956 3468; x_wconf 81' lang='lat' dir='ltr'><strong>uersu</strong></span> <span class='ocrx_word' id='word_1_177' title='bbox 980 3401 1018 3466; x_wconf 88' lang='lat'><strong>19</strong></span> <span class='ocrx_word' id='word_1_178' title='bbox 1041 3395 1137 3467; x_wconf 87' lang='lat' dir='ltr'><strong>‘alno’</strong></span> <span class='ocrx_word' id='word_1_179' title='bbox 1165 3414 1358 3490; x_wconf 76' lang='lat' dir='ltr'><strong>conpararet</strong></span> 
     </span>
     <span class='ocr_line' id='line_1_24' title="bbox 308 3511 1356 3606; baseline 0.002 -22"><span class='ocrx_word' id='word_1_180' title='bbox 308 3511 531 3606; x_wconf 84' lang='lat' dir='ltr'><strong>‘suppernatae</strong></span> <span class='ocrx_word' id='word_1_181' title='bbox 564 3519 666 3584; x_wconf 82' lang='lat' dir='ltr'><strong>securi</strong></span> <span class='ocrx_word' id='word_1_182' title='bbox 692 3513 816 3606; x_wconf 85' lang='lat' dir='ltr'><strong>Liguri&#39;</strong></span> <span class='ocrx_word' id='word_1_183' title='bbox 847 3519 998 3603; x_wconf 82' lang='lat' dir='ltr'><strong>(uerbum</strong></span> <span class='ocrx_word' id='word_1_184' title='bbox 1026 3519 1111 3583; x_wconf 84' lang='lat' dir='ltr'><strong>enim</strong></span> <span class='ocrx_word' id='word_1_185' title='bbox 1140 3519 1258 3605; x_wconf 76' lang='lat' dir='ltr'><strong>Lipuri</strong></span> <span class='ocrx_word' id='word_1_186' title='bbox 1288 3544 1356 3586; x_wconf 90' lang='lat' dir='ltr'><strong>cum</strong></span> 
     </span>
     <span class='ocr_line' id='line_1_25' title="bbox 310 3634 1357 3722; baseline 0.005 -23"><span class='ocrx_word' id='word_1_187' title='bbox 310 3637 419 3700; x_wconf 78' lang='lat' dir='ltr'><strong>securi</strong></span> <span class='ocrx_word' id='word_1_188' title='bbox 439 3636 546 3722; x_wconf 87' lang='lat' dir='ltr'><strong>aptius</strong></span> <span class='ocrx_word' id='word_1_189' title='bbox 562 3657 659 3721; x_wconf 89' lang='lat' dir='ltr'><strong>quam</strong></span> <span class='ocrx_word' id='word_1_190' title='bbox 682 3657 754 3700; x_wconf 88' lang='lat' dir='ltr'><strong>oum</strong></span> <span class='ocrx_word' id='word_1_191' title='bbox 768 3634 866 3721; x_wconf 83' lang='lat' dir='ltr'><strong>fossa</strong></span> <span class='ocrx_word' id='word_1_192' title='bbox 881 3635 1112 3701; x_wconf 84' lang='lat' dir='ltr'><strong>conectendum</strong></span> <span class='ocrx_word' id='word_1_193' title='bbox 1128 3657 1199 3702; x_wconf 84' lang='lat' dir='ltr'><strong>osse</strong></span> <span class='ocrx_word' id='word_1_194' title='bbox 1214 3637 1357 3704; x_wconf 84' lang='lat' dir='ltr'><strong>Palladio</strong></span> 
     </span>
     <span class='ocr_line' id='line_1_26' title="bbox 309 3750 1357 3842; baseline 0.002 -24"><span class='ocrx_word' id='word_1_195' title='bbox 309 3750 469 3818; x_wconf 80' lang='lat' dir='ltr'><strong>adsentior</strong></span> <span class='ocrx_word' id='word_1_196' title='bbox 493 3777 499 3816; x_wconf 95' lang='lat'>:</span> <span class='ocrx_word' id='word_1_197' title='bbox 520 3753 571 3816; x_wconf 92' lang='lat' dir='ltr'><strong>cui</strong></span> <span class='ocrx_word' id='word_1_198' title='bbox 594 3751 772 3817; x_wconf 83' lang='lat' dir='ltr'><strong>sentcntiae</strong></span> <span class='ocrx_word' id='word_1_199' title='bbox 793 3775 887 3817; x_wconf 89' lang='lat' dir='ltr'><strong>usum</strong></span> <span class='ocrx_word' id='word_1_200' title='bbox 912 3751 1065 3842; x_wconf 87' lang='lat' dir='ltr'><strong>loquendi</strong></span> <span class='ocrx_word' id='word_1_201' title='bbox 1086 3775 1152 3818; x_wconf 93' lang='lat' dir='ltr'><strong>non</strong></span> <span class='ocrx_word' id='word_1_202' title='bbox 1173 3776 1357 3842; x_wconf 81' lang='lat' dir='ltr'><strong>repugnare</strong></span> 
     </span>
     <span class='ocr_line' id='line_1_27' title="bbox 309 3867 1357 3960; baseline 0.005 -29"><span class='ocrx_word' id='word_1_203' title='bbox 309 3868 409 3933; x_wconf 88' lang='lat' dir='ltr'><strong>multa</strong></span> <span class='ocrx_word' id='word_1_204' title='bbox 430 3868 652 3934; x_wconf 82' lang='lat' dir='ltr'><strong>demonstrant</strong></span> <span class='ocrx_word' id='word_1_205' title='bbox 673 3869 821 3957; x_wconf 83' lang='lat' dir='ltr'><strong>exempla</strong></span> <span class='ocrx_word' id='word_1_206' title='bbox 844 3893 851 3934; x_wconf 90' lang='lat'><strong>:</strong></span> <span class='ocrx_word' id='word_1_207' title='bbox 872 3868 949 3934; x_wconf 86' lang='lat' dir='ltr'><strong>uide</strong></span> <span class='ocrx_word' id='word_1_208' title='bbox 970 3868 1092 3934; x_wconf 84' lang='lat' dir='ltr'><strong>Valerii</strong></span> <span class='ocrx_word' id='word_1_209' title='bbox 1106 3867 1218 3937; x_wconf 80' lang='lat' dir='ltr'><strong>Flacci</strong></span> <span class='ocrx_word' id='word_1_210' title='bbox 1231 3871 1357 3960; x_wconf 84' lang='lat' dir='ltr'><strong>Argon.</strong></span> 
     </span>
     <span class='ocr_line' id='line_1_28' title="bbox 307 3984 1370 4073; baseline 0.006 -25"><span class='ocrx_word' id='word_1_211' title='bbox 307 4007 329 4048; x_wconf 87' lang='lat' dir='ltr'>v</span> <span class='ocrx_word' id='word_1_212' title='bbox 350 3984 413 4049; x_wconf 82' lang='lat'><strong>436</strong></span> <span class='ocrx_word' id='word_1_213' title='bbox 434 3990 545 4050; x_wconf 64' lang='lat' dir='ltr'><strong>tetrior</strong></span> <span class='ocrx_word' id='word_1_214' title='bbox 564 3987 670 4072; x_wconf 79' lang='lat' dir='ltr'><strong>Arpou</strong></span> <span class='ocrx_word' id='word_1_215' title='bbox 689 3992 783 4071; x_wconf 80' lang='lat' dir='ltr'><strong>pinus</strong></span> <span class='ocrx_word' id='word_1_216' title='bbox 803 3985 949 4073; x_wconf 77' lang='lat' dir='ltr'><strong>Popasou</strong></span> <span class='ocrx_word' id='word_1_217' title='bbox 969 3992 1068 4051; x_wconf 81' lang='lat' dir='ltr'><strong>securi</strong></span> <span class='ocrx_word' id='word_1_218' title='bbox 1084 3985 1181 4053; x_wconf 73' lang='lat' dir='ltr'><strong>Statii</strong></span> <span class='ocrx_word' id='word_1_219' title='bbox 1203 3989 1370 4054; x_wconf 83' lang='lat' dir='ltr'><strong>siluarum·</strong></span> 
     </span>
     <span class='ocr_line' id='line_1_29' title="bbox 309 4101 1356 4190; baseline 0.009 -26"><span class='ocrx_word' id='word_1_220' title='bbox 309 4101 371 4165; x_wconf 81' lang='lat' dir='ltr'><strong>u2</strong></span> <span class='ocrx_word' id='word_1_221' title='bbox 397 4101 437 4166; x_wconf 78' lang='lat'><strong>87</strong></span> <span class='ocrx_word' id='word_1_222' title='bbox 462 4103 609 4188; x_wconf 53' lang='lat' dir='ltr'><strong>Quaado</strong></span> <span class='ocrx_word' id='word_1_223' title='bbox 636 4106 717 4190; x_wconf 83' lang='lat' dir='ltr'><strong>quod</strong></span> <span class='ocrx_word' id='word_1_224' title='bbox 741 4117 856 4168; x_wconf 79' lang='lat' dir='ltr'><strong>moesto</strong></span> <span class='ocrx_word' id='word_1_225' title='bbox 884 4105 1039 4190; x_wconf 73' lang='lat' dir='ltr'><strong>Phrppioe</strong></span> <span class='ocrx_word' id='word_1_226' title='bbox 1058 4103 1182 4190; x_wconf 75' lang='lat' dir='ltr'><strong>fodero</strong></span> <span class='ocrx_word' id='word_1_227' title='bbox 1209 4107 1356 4188; x_wconf 78' lang='lat' dir='ltr'><strong>accures).</strong></span> 
     </span>
     <span class='ocr_line' id='line_1_30' title="bbox 309 4215 1355 4310; baseline 0.007 -27"><span class='ocrx_word' id='word_1_228' title='bbox 309 4215 363 4284; x_wconf 89' lang='lat' dir='ltr'><strong>illa</strong></span> <span class='ocrx_word' id='word_1_229' title='bbox 391 4217 576 4304; x_wconf 86' lang='lat' dir='ltr'><strong>conparatio</strong></span> <span class='ocrx_word' id='word_1_230' title='bbox 607 4241 645 4284; x_wconf 86' lang='lat' dir='ltr'><strong>sa</strong></span> <span class='ocrx_word' id='word_1_231' title='bbox 678 4219 718 4285; x_wconf 87' lang='lat' dir='ltr'><strong>ds</strong></span> <span class='ocrx_word' id='word_1_232' title='bbox 747 4243 860 4287; x_wconf 84' lang='lat' dir='ltr'><strong>caussa</strong></span> <span class='ocrx_word' id='word_1_233' title='bbox 888 4220 1051 4309; x_wconf 83' lang='lat' dir='ltr'><strong>aptissima</strong></span> <span class='ocrx_word' id='word_1_234' title='bbox 1078 4230 1128 4288; x_wconf 86' lang='lat' dir='ltr'><strong>cst</strong></span> <span class='ocrx_word' id='word_1_235' title='bbox 1155 4222 1250 4310; x_wconf 85' lang='lat' dir='ltr'><strong>quod¹</strong></span> <span class='ocrx_word' id='word_1_236' title='bbox 1272 4234 1355 4290; x_wconf 85' lang='lat' dir='ltr'><strong>terra</strong></span> 
     </span>
    </p>
   </div>
   <div class='ocr_carea' id='block_1_5' title="bbox 0 0 1676 5200">
    <p class='ocr_par' dir='ltr' id='par_1_6' title="bbox 0 0 1676 5200">
     <span class='ocr_line' id='line_1_31' title="bbox 0 0 1676 5200; baseline 0 0"><span class='ocrx_word' id='word_1_237' title='bbox 0 0 1676 5200; x_wconf 95' lang='lat' dir='ltr'><strong> </strong></span> 
     </span>
    </p>
   </div>
  </div>
 </body>
</html>
