<?xml version="1.0" encoding="UTF-8"?>
<!DOCTYPE html PUBLIC "-//W3C//DTD XHTML 1.0 Transitional//EN"
    "http://www.w3.org/TR/xhtml1/DTD/xhtml1-transitional.dtd">
<html xmlns="http://www.w3.org/1999/xhtml" xml:lang="en" lang="en">
 <head>
  <title>
</title>
<meta http-equiv="Content-Type" content="text/html;charset=utf-8" />
  <meta name='ocr-system' content='tesseract 3.04.00' />
  <meta name='ocr-capabilities' content='ocr_page ocr_carea ocr_par ocr_line ocrx_word'/>
</head>
<body>
  <div class='ocr_page' id='page_1' title='image "./gvalericatvllil01catugoog_0048.png"; bbox 0 0 3342 5200; ppageno 0'>
   <div class='ocr_carea' id='block_1_1' title="bbox 402 665 1303 722">
    <p class='ocr_par' dir='ltr' id='par_1_1' title="bbox 402 665 1303 722">
     <span class='ocr_line' id='line_1_1' title="bbox 402 665 1303 722; baseline -0.003 0"><span class='ocrx_word' id='word_1_1' title='bbox 402 672 438 722; x_wconf 73' lang='lat'><strong>44</strong></span> <span class='ocrx_word' id='word_1_2' title='bbox 536 667 564 722; x_wconf 91' lang='lat'><strong>11</strong></span> <span class='ocrx_word' id='word_1_3' title='bbox 597 668 648 721; x_wconf 77' lang='lat' dir='ltr'><strong>DE</strong></span> <span class='ocrx_word' id='word_1_4' title='bbox 663 666 767 721; x_wconf 75' lang='lat' dir='ltr'>ANNIS</span> <span class='ocrx_word' id='word_1_5' title='bbox 785 666 919 719; x_wconf 74' lang='lat' dir='ltr'><strong>usum</strong></span> <span class='ocrx_word' id='word_1_6' title='bbox 935 667 982 719; x_wconf 78' lang='grc' dir='ltr'><strong>ΕΤ</strong></span> <span class='ocrx_word' id='word_1_7' title='bbox 999 666 1131 721; x_wconf 78' lang='lat' dir='ltr'><strong>usuam</strong></span> <span class='ocrx_word' id='word_1_8' title='bbox 1147 665 1303 720; x_wconf 76' lang='lat' dir='ltr'><strong>camur</strong></span> 
     </span>
    </p>
   </div>
   <div class='ocr_carea' id='block_1_2' title="bbox 342 833 1469 4210">
    <p class='ocr_par' dir='ltr' id='par_1_2' title="bbox 342 833 1469 2920">
     <span class='ocr_line' id='line_1_2' title="bbox 402 833 1448 919; baseline 0 -17"><span class='ocrx_word' id='word_1_9' title='bbox 402 836 489 903; x_wconf 92' lang='lat' dir='ltr'><strong>enim</strong></span> <span class='ocrx_word' id='word_1_10' title='bbox 516 834 601 901; x_wconf 85' lang='lat' dir='ltr'><strong>filius</strong></span> <span class='ocrx_word' id='word_1_11' title='bbox 629 858 720 919; x_wconf 88' lang='lat' dir='ltr'><strong>cum,</strong></span> <span class='ocrx_word' id='word_1_12' title='bbox 751 843 788 902; x_wconf 91' lang='lat' dir='ltr'><strong>nt</strong></span> <span class='ocrx_word' id='word_1_13' title='bbox 808 856 851 901; x_wconf 89' lang='lat' dir='ltr'><strong>ex</strong></span> <span class='ocrx_word' id='word_1_14' title='bbox 871 833 975 901; x_wconf 82' lang='lat' dir='ltr'><strong>Plinio</strong></span> <span class='ocrx_word' id='word_1_15' title='bbox 996 833 1132 917; x_wconf 87' lang='lat' dir='ltr'><strong>scimus,</strong></span> <span class='ocrx_word' id='word_1_16' title='bbox 1165 857 1249 901; x_wconf 87' lang='lat' dir='ltr'><strong>anno</strong></span> <span class='ocrx_word' id='word_1_17' title='bbox 1268 834 1388 912; x_wconf 66' lang='lat'><strong>711143</strong></span> <span class='ocrx_word' id='word_1_18' title='bbox 1406 836 1448 902; x_wconf 87' lang='lat' dir='ltr'><strong>ah</strong></span> 
     </span>
     <span class='ocr_line' id='line_1_3' title="bbox 402 952 1449 1042; baseline -0.001 -22"><span class='ocrx_word' id='word_1_19' title='bbox 402 955 546 1021; x_wconf 85' lang='lat' dir='ltr'><strong>Antonio</strong></span> <span class='ocrx_word' id='word_1_20' title='bbox 567 954 766 1042; x_wconf 85' lang='lat' dir='ltr'><strong>proscriptus</strong></span> <span class='ocrx_word' id='word_1_21' title='bbox 779 954 845 1019; x_wconf 89' lang='lat' dir='ltr'><strong>iam</strong></span> <span class='ocrx_word' id='word_1_22' title='bbox 859 963 990 1019; x_wconf 89' lang='lat' dir='ltr'><strong>senator</strong></span> <span class='ocrx_word' id='word_1_23' title='bbox 1011 962 1106 1035; x_wconf 88' lang='lat' dir='ltr'><strong>esset,</strong></span> <span class='ocrx_word' id='word_1_24' title='bbox 1128 962 1196 1018; x_wconf 85' lang='lat' dir='ltr'><strong>tum</strong></span> <span class='ocrx_word' id='word_1_25' title='bbox 1219 952 1335 1041; x_wconf 89' lang='lat' dir='ltr'><strong>uiginti</strong></span> <span class='ocrx_word' id='word_1_26' title='bbox 1357 952 1449 1041; x_wconf 91' lang='lat' dir='ltr'><strong>quin·</strong></span> 
     </span>
     <span class='ocr_line' id='line_1_4' title="bbox 364 1059 1450 1159; baseline -0.002 -21"><span class='ocrx_word' id='word_1_27' title='bbox 364 1059 367 1064; x_wconf 56' lang='grc'><strong>’</strong></span> <span class='ocrx_word' id='word_1_28' title='bbox 402 1093 465 1159; x_wconf 88' lang='lat' dir='ltr'><strong>que</strong></span> <span class='ocrx_word' id='word_1_29' title='bbox 485 1070 652 1137; x_wconf 90' lang='lat' dir='ltr'><strong>minimum</strong></span> <span class='ocrx_word' id='word_1_30' title='bbox 673 1093 774 1138; x_wconf 85' lang='lat' dir='ltr'><strong>annos</strong></span> <span class='ocrx_word' id='word_1_31' title='bbox 795 1080 889 1136; x_wconf 86' lang='lat' dir='ltr'><strong>natus</strong></span> <span class='ocrx_word' id='word_1_32' title='bbox 917 1070 988 1137; x_wconf 88' lang='lat' dir='ltr'><strong>fuit.</strong></span> <span class='ocrx_word' id='word_1_33' title='bbox 1028 1070 1115 1138; x_wconf 88' lang='lat' dir='ltr'><strong>unde</strong></span> <span class='ocrx_word' id='word_1_34' title='bbox 1147 1069 1310 1158; x_wconf 91' lang='lat' dir='ltr'><strong>conligere</strong></span> <span class='ocrx_word' id='word_1_35' title='bbox 1336 1068 1450 1139; x_wconf 76' lang='lat' dir='ltr'>licebit</span> 
     </span>
     <span class='ocr_line' id='line_1_5' title="bbox 401 1186 1449 1277; baseline -0.001 -21"><span class='ocrx_word' id='word_1_36' title='bbox 401 1189 545 1256; x_wconf 85' lang='lat' dir='ltr'><strong>Nonium</strong></span> <span class='ocrx_word' id='word_1_37' title='bbox 586 1198 709 1277; x_wconf 90' lang='lat' dir='ltr'><strong>patrem</strong></span> <span class='ocrx_word' id='word_1_38' title='bbox 749 1197 818 1254; x_wconf 91' lang='lat' dir='ltr'><strong>tum</strong></span> <span class='ocrx_word' id='word_1_39' title='bbox 859 1186 1095 1276; x_wconf 69' lang='lat' dir='ltr'><strong>quinquaginta</strong></span> <span class='ocrx_word' id='word_1_40' title='bbox 1137 1188 1304 1254; x_wconf 90' lang='lat' dir='ltr'><strong>minimum</strong></span> <span class='ocrx_word' id='word_1_41' title='bbox 1345 1211 1449 1255; x_wconf 86' lang='lat' dir='ltr'><strong>annos</strong></span> 
     </span>
     <span class='ocr_line' id='line_1_6' title="bbox 400 1304 1449 1394; baseline -0.004 -20"><span class='ocrx_word' id='word_1_42' title='bbox 400 1306 548 1374; x_wconf 84' lang='lat' dir='ltr'><strong>hahuisse</strong></span> <span class='ocrx_word' id='word_1_43' title='bbox 590 1330 597 1372; x_wconf 91' lang='lat'><strong>:</strong></span> <span class='ocrx_word' id='word_1_44' title='bbox 639 1315 737 1394; x_wconf 88' lang='lat' dir='ltr'><strong>atque</strong></span> <span class='ocrx_word' id='word_1_45' title='bbox 777 1304 818 1372; x_wconf 89' lang='lat' dir='ltr'><strong>ad</strong></span> <span class='ocrx_word' id='word_1_46' title='bbox 870 1305 1005 1371; x_wconf 89' lang='lat' dir='ltr'><strong>eandem</strong></span> <span class='ocrx_word' id='word_1_47' title='bbox 1045 1306 1115 1371; x_wconf 85' lang='lat' dir='ltr'><strong>fere</strong></span> <span class='ocrx_word' id='word_1_48' title='bbox 1163 1316 1303 1373; x_wconf 89' lang='lat' dir='ltr'><strong>aetatem</strong></span> <span class='ocrx_word' id='word_1_49' title='bbox 1345 1304 1449 1393; x_wconf 87' lang='lat' dir='ltr'><strong>patris</strong></span> 
     </span>
     <span class='ocr_line' id='line_1_7' title="bbox 401 1421 1449 1506; baseline -0.001 -17"><span class='ocrx_word' id='word_1_50' title='bbox 401 1422 568 1506; x_wconf 90' lang='lat' dir='ltr'><strong>ducimur,</strong></span> <span class='ocrx_word' id='word_1_51' title='bbox 610 1421 637 1487; x_wconf 93' lang='lat' dir='ltr'><strong>si</strong></span> <span class='ocrx_word' id='word_1_52' title='bbox 666 1422 806 1487; x_wconf 91' lang='lat' dir='ltr'><strong>Nonium</strong></span> <span class='ocrx_word' id='word_1_53' title='bbox 836 1444 895 1489; x_wconf 91' lang='lat' dir='ltr'><strong>suo</strong></span> <span class='ocrx_word' id='word_1_54' title='bbox 927 1444 1012 1488; x_wconf 93' lang='lat' dir='ltr'><strong>anno</strong></span> <span class='ocrx_word' id='word_1_55' title='bbox 1044 1422 1181 1489; x_wconf 88' lang='lat' dir='ltr'><strong>aedilem</strong></span> <span class='ocrx_word' id='word_1_56' title='bbox 1216 1421 1292 1488; x_wconf 90' lang='lat' dir='ltr'><strong>anni</strong></span> <span class='ocrx_word' id='word_1_57' title='bbox 1327 1422 1449 1500; x_wconf 78' lang='grc'>699155</span> 
     </span>
     <span class='ocr_line' id='line_1_8' title="bbox 401 1538 1448 1628; baseline -0.001 -20"><span class='ocrx_word' id='word_1_58' title='bbox 401 1541 542 1608; x_wconf 87' lang='lat' dir='ltr'><strong>curulem</strong></span> <span class='ocrx_word' id='word_1_59' title='bbox 571 1540 670 1606; x_wconf 85' lang='lat' dir='ltr'><strong>fuisse</strong></span> <span class='ocrx_word' id='word_1_60' title='bbox 697 1560 872 1605; x_wconf 88' lang='lat' dir='ltr'><strong>censemus.</strong></span> <span class='ocrx_word' id='word_1_61' title='bbox 915 1538 1055 1626; x_wconf 91' lang='lat' dir='ltr'><strong>deniqne</strong></span> <span class='ocrx_word' id='word_1_62' title='bbox 1083 1561 1148 1628; x_wconf 91' lang='lat' dir='ltr'><strong>quo</strong></span> <span class='ocrx_word' id='word_1_63' title='bbox 1170 1560 1255 1606; x_wconf 89' lang='lat' dir='ltr'><strong>anno</strong></span> <span class='ocrx_word' id='word_1_64' title='bbox 1277 1539 1448 1628; x_wconf 73' lang='lat' dir='ltr'><strong>Asprenas</strong></span> 
     </span>
     <span class='ocr_line' id='line_1_9' title="bbox 401 1656 1450 1749; baseline -0.002 -24"><span class='ocrx_word' id='word_1_65' title='bbox 401 1667 585 1749; x_wconf 87' lang='lat' dir='ltr'><strong>praeturam</strong></span> <span class='ocrx_word' id='word_1_66' title='bbox 606 1656 888 1742; x_wconf 88' lang='lat' dir='ltr'><strong>administrauerit,</strong></span> <span class='ocrx_word' id='word_1_67' title='bbox 910 1680 952 1724; x_wconf 87' lang='lat' dir='ltr'><strong>ex</strong></span> <span class='ocrx_word' id='word_1_68' title='bbox 966 1679 1030 1746; x_wconf 88' lang='lat' dir='ltr'><strong>qua</strong></span> <span class='ocrx_word' id='word_1_69' title='bbox 1044 1679 1129 1723; x_wconf 87' lang='lat' dir='ltr'><strong>anno</strong></span> <span class='ocrx_word' id='word_1_70' title='bbox 1144 1656 1262 1735; x_wconf 60' lang='lat'>708146</span> <span class='ocrx_word' id='word_1_71' title='bbox 1275 1657 1450 1745; x_wconf 89' lang='lat' dir='ltr'><strong>proconsul</strong></span> 
     </span>
     <span class='ocr_line' id='line_1_10' title="bbox 401 1774 1450 1870; baseline -0.003 -27"><span class='ocrx_word' id='word_1_72' title='bbox 401 1776 507 1870; x_wconf 73' lang='lat' dir='ltr'><strong>factus</strong></span> <span class='ocrx_word' id='word_1_73' title='bbox 534 1784 601 1860; x_wconf 90' lang='lat' dir='ltr'><strong>est,</strong></span> <span class='ocrx_word' id='word_1_74' title='bbox 632 1774 783 1841; x_wconf 88' lang='lat' dir='ltr'><strong>nescitur.</strong></span> <span class='ocrx_word' id='word_1_75' title='bbox 826 1797 869 1841; x_wconf 86' lang='lat' dir='ltr'><strong>ex</strong></span> <span class='ocrx_word' id='word_1_76' title='bbox 895 1784 1007 1841; x_wconf 88' lang='lat' dir='ltr'><strong>nostra</strong></span> <span class='ocrx_word' id='word_1_77' title='bbox 1034 1774 1136 1863; x_wconf 88' lang='lat' dir='ltr'><strong>igitur</strong></span> <span class='ocrx_word' id='word_1_78' title='bbox 1161 1774 1321 1842; x_wconf 89' lang='lat' dir='ltr'><strong>sententia</strong></span> <span class='ocrx_word' id='word_1_79' title='bbox 1349 1784 1450 1863; x_wconf 82' lang='lat' dir='ltr'><strong>poeta</strong></span> 
     </span>
     <span class='ocr_line' id='line_1_11' title="bbox 402 1890 1449 1981; baseline 0 -21"><span class='ocrx_word' id='word_1_80' title='bbox 402 1915 513 1960; x_wconf 87' lang='lat' dir='ltr'><strong>omnes</strong></span> <span class='ocrx_word' id='word_1_81' title='bbox 545 1893 592 1959; x_wconf 89' lang='lat' dir='ltr'><strong>rei</strong></span> <span class='ocrx_word' id='word_1_82' title='bbox 622 1892 769 1980; x_wconf 89' lang='lat' dir='ltr'><strong>publicae</strong></span> <span class='ocrx_word' id='word_1_83' title='bbox 799 1891 1008 1979; x_wconf 78' lang='lat' dir='ltr'><strong>magistratus</strong></span> <span class='ocrx_word' id='word_1_84' title='bbox 1036 1916 1055 1958; x_wconf 87' lang='lat' dir='ltr'><strong>a</strong></span> <span class='ocrx_word' id='word_1_85' title='bbox 1086 1890 1235 1959; x_wconf 79' lang='lat' dir='ltr'><strong>Caesaris</strong></span> <span class='ocrx_word' id='word_1_86' title='bbox 1262 1890 1449 1981; x_wconf 79' lang='lat' dir='ltr'><strong>pedisequis</strong></span> 
     </span>
     <span class='ocr_line' id='line_1_12' title="bbox 400 2008 1449 2099; baseline -0.004 -20"><span class='ocrx_word' id='word_1_87' title='bbox 400 2010 551 2099; x_wconf 88' lang='lat' dir='ltr'><strong>occupari</strong></span> <span class='ocrx_word' id='word_1_88' title='bbox 576 2010 662 2077; x_wconf 88' lang='lat' dir='ltr'><strong>intra</strong></span> <span class='ocrx_word' id='word_1_89' title='bbox 688 2011 812 2098; x_wconf 90' lang='lat' dir='ltr'><strong>priores</strong></span> <span class='ocrx_word' id='word_1_90' title='bbox 840 2011 916 2075; x_wconf 90' lang='lat' dir='ltr'><strong>anni</strong></span> <span class='ocrx_word' id='word_1_91' title='bbox 936 2010 1054 2087; x_wconf 79' lang='lat' dir='ltr'><strong>699l55</strong></span> <span class='ocrx_word' id='word_1_92' title='bbox 1082 2031 1209 2076; x_wconf 90' lang='lat' dir='ltr'><strong>menses</strong></span> <span class='ocrx_word' id='word_1_93' title='bbox 1237 2008 1382 2076; x_wconf 91' lang='lat' dir='ltr'><strong>carmine</strong></span> <span class='ocrx_word' id='word_1_94' title='bbox 1404 2015 1449 2076; x_wconf 80' lang='lat' dir='ltr'><strong>un</strong></span> 
     </span>
     <span class='ocr_line' id='line_1_13' title="bbox 342 2117 1450 2217; baseline 0 -23"><span class='ocrx_word' id='word_1_95' title='bbox 342 2117 346 2122; x_wconf 43' lang='lat'>¹</span> <span class='ocrx_word' id='word_1_96' title='bbox 400 2139 533 2217; x_wconf 87' lang='lat' dir='ltr'><strong>questus</strong></span> <span class='ocrx_word' id='word_1_97' title='bbox 562 2128 596 2193; x_wconf 94' lang='lat' dir='ltr'><strong>in</strong></span> <span class='ocrx_word' id='word_1_98' title='bbox 623 2125 778 2215; x_wconf 86' lang='lat' dir='ltr'><strong>proximis</strong></span> <span class='ocrx_word' id='word_1_99' title='bbox 807 2127 904 2191; x_wconf 87' lang='lat' dir='ltr'><strong>etiam</strong></span> <span class='ocrx_word' id='word_1_100' title='bbox 929 2125 1067 2193; x_wconf 89' lang='lat' dir='ltr'><strong>comitiis</strong></span> <span class='ocrx_word' id='word_1_101' title='bbox 1096 2149 1155 2213; x_wconf 89' lang='lat' dir='ltr'><strong>par</strong></span> <span class='ocrx_word' id='word_1_102' title='bbox 1178 2125 1346 2193; x_wconf 91' lang='lat' dir='ltr'><strong>homiuum</strong></span> <span class='ocrx_word' id='word_1_103' title='bbox 1368 2136 1450 2194; x_wconf 79' lang='lat' dir='ltr'><strong>stru-</strong></span> 
     </span>
     <span class='ocr_line' id='line_1_14' title="bbox 401 2243 1449 2332; baseline -0.001 -22"><span class='ocrx_word' id='word_1_104' title='bbox 401 2267 565 2311; x_wconf 90' lang='lat' dir='ltr'><strong>mosorum</strong></span> <span class='ocrx_word' id='word_1_105' title='bbox 586 2244 756 2310; x_wconf 90' lang='lat' dir='ltr'><strong>uictoriam</strong></span> <span class='ocrx_word' id='word_1_106' title='bbox 777 2252 962 2332; x_wconf 84' lang='lat' dir='ltr'><strong>reportasse</strong></span> <span class='ocrx_word' id='word_1_107' title='bbox 982 2243 1038 2321; x_wconf 86' lang='lat' dir='ltr'><strong>ait,</strong></span> <span class='ocrx_word' id='word_1_108' title='bbox 1060 2265 1197 2331; x_wconf 90' lang='lat' dir='ltr'><strong>quorum</strong></span> <span class='ocrx_word' id='word_1_109' title='bbox 1211 2245 1295 2309; x_wconf 89' lang='lat' dir='ltr'><strong>alter</strong></span> <span class='ocrx_word' id='word_1_110' title='bbox 1307 2244 1449 2331; x_wconf 88' lang='lat' dir='ltr'><strong>primum</strong></span> 
     </span>
     <span class='ocr_line' id='line_1_15' title="bbox 400 2359 1450 2450; baseline -0.002 -20"><span class='ocrx_word' id='word_1_111' title='bbox 400 2384 569 2430; x_wconf 85' lang='lat' dir='ltr'><strong>ascensum</strong></span> <span class='ocrx_word' id='word_1_112' title='bbox 599 2360 640 2428; x_wconf 90' lang='lat' dir='ltr'><strong>ad</strong></span> <span class='ocrx_word' id='word_1_113' title='bbox 667 2360 797 2426; x_wconf 90' lang='lat' dir='ltr'><strong>honoris</strong></span> <span class='ocrx_word' id='word_1_114' title='bbox 818 2361 984 2450; x_wconf 88' lang='lat' dir='ltr'><strong>amplioris</strong></span> <span class='ocrx_word' id='word_1_115' title='bbox 1005 2361 1142 2448; x_wconf 87' lang='lat' dir='ltr'><strong>gradum</strong></span> <span class='ocrx_word' id='word_1_116' title='bbox 1162 2359 1246 2447; x_wconf 75' lang='lat' dir='ltr'><strong>(cis</strong></span> <span class='ocrx_word' id='word_1_117' title='bbox 1268 2360 1310 2426; x_wconf 92' lang='lat' dir='ltr'><strong>de</strong></span> <span class='ocrx_word' id='word_1_118' title='bbox 1333 2362 1399 2450; x_wconf 87' lang='lat' dir='ltr'><strong>leg.</strong></span> <span class='ocrx_word' id='word_1_119' title='bbox 1420 2382 1450 2428; x_wconf 89' lang='grc' dir='ltr'><strong>ιιι</strong></span> 
     </span>
     <span class='ocr_line' id='line_1_16' title="bbox 401 2478 1451 2567; baseline -0.002 -21"><span class='ocrx_word' id='word_1_120' title='bbox 401 2480 422 2546; x_wconf 82' lang='lat'><strong>3</strong></span> <span class='ocrx_word' id='word_1_121' title='bbox 442 2481 477 2563; x_wconf 75' lang='lat'><strong>7)</strong></span> <span class='ocrx_word' id='word_1_122' title='bbox 499 2478 695 2545; x_wconf 81' lang='lat' dir='ltr'><strong>aedilitatem</strong></span> <span class='ocrx_word' id='word_1_123' title='bbox 717 2478 860 2543; x_wconf 88' lang='lat' dir='ltr'><strong>curulem</strong></span> <span class='ocrx_word' id='word_1_124' title='bbox 881 2478 1018 2567; x_wconf 88' lang='lat' dir='ltr'><strong>adeptus</strong></span> <span class='ocrx_word' id='word_1_125' title='bbox 1038 2487 1133 2563; x_wconf 89' lang='lat' dir='ltr'><strong>esset,</strong></span> <span class='ocrx_word' id='word_1_126' title='bbox 1162 2478 1244 2544; x_wconf 83' lang='lat' dir='ltr'><strong>alter</strong></span> <span class='ocrx_word' id='word_1_127' title='bbox 1276 2488 1451 2567; x_wconf 85' lang='lat' dir='ltr'><strong>praeturae</strong></span> 
     </span>
     <span class='ocr_line' id='line_1_17' title="bbox 401 2594 1450 2687; baseline -0.002 -23"><span class='ocrx_word' id='word_1_128' title='bbox 401 2619 505 2687; x_wconf 91' lang='lat' dir='ltr'><strong>nuper</strong></span> <span class='ocrx_word' id='word_1_129' title='bbox 535 2594 598 2663; x_wconf 92' lang='lat' dir='ltr'><strong>sibi</strong></span> <span class='ocrx_word' id='word_1_130' title='bbox 623 2619 793 2663; x_wconf 88' lang='lat' dir='ltr'><strong>concessae</strong></span> <span class='ocrx_word' id='word_1_131' title='bbox 823 2595 1000 2662; x_wconf 88' lang='lat' dir='ltr'><strong>honoribus</strong></span> <span class='ocrx_word' id='word_1_132' title='bbox 1029 2619 1095 2663; x_wconf 95' lang='lat' dir='ltr'><strong>non</strong></span> <span class='ocrx_word' id='word_1_133' title='bbox 1117 2596 1255 2684; x_wconf 90' lang='lat' dir='ltr'><strong>amplius</strong></span> <span class='ocrx_word' id='word_1_134' title='bbox 1276 2605 1450 2664; x_wconf 89' lang='lat' dir='ltr'><strong>contentus</strong></span> 
     </span>
     <span class='ocr_line' id='line_1_18' title="bbox 401 2713 1449 2801; baseline 0 -22"><span class='ocrx_word' id='word_1_135' title='bbox 401 2714 465 2781; x_wconf 90' lang='lat' dir='ltr'><strong>iam</strong></span> <span class='ocrx_word' id='word_1_136' title='bbox 480 2714 519 2779; x_wconf 91' lang='lat' dir='ltr'><strong>de</strong></span> <span class='ocrx_word' id='word_1_137' title='bbox 534 2735 657 2780; x_wconf 88' lang='lat' dir='ltr'><strong>summo</strong></span> <span class='ocrx_word' id='word_1_138' title='bbox 673 2713 815 2779; x_wconf 89' lang='lat' dir='ltr'><strong>omnium</strong></span> <span class='ocrx_word' id='word_1_139' title='bbox 835 2713 1036 2801; x_wconf 87' lang='lat' dir='ltr'><strong>magistratu,</strong></span> <span class='ocrx_word' id='word_1_140' title='bbox 1058 2714 1099 2782; x_wconf 92' lang='lat' dir='ltr'><strong>de</strong></span> <span class='ocrx_word' id='word_1_141' title='bbox 1120 2713 1289 2780; x_wconf 86' lang='lat' dir='ltr'><strong>consulatu</strong></span> <span class='ocrx_word' id='word_1_142' title='bbox 1302 2715 1449 2801; x_wconf 90' lang='lat' dir='ltr'><strong>gerendo</strong></span> 
     </span>
     <span class='ocr_line' id='line_1_19' title="bbox 402 2829 1469 2920; baseline -0.005 -24"><span class='ocrx_word' id='word_1_143' title='bbox 402 2830 667 2920; x_wconf 90' lang='lat' dir='ltr'><strong>inpudentissime</strong></span> <span class='ocrx_word' id='word_1_144' title='bbox 688 2829 858 2915; x_wconf 87' lang='lat' dir='ltr'><strong>cogitaret.</strong></span> <span class='ocrx_word' id='word_1_145' title='bbox 1464 2899 1469 2910; x_wconf 49' lang='grc'><em>,</em></span> 
     </span>
    </p>

    <p class='ocr_par' dir='ltr' id='par_1_3' title="bbox 401 2946 1453 4210">
     <span class='ocr_line' id='line_1_20' title="bbox 483 2946 1450 3038; baseline 0.002 -26"><span class='ocrx_word' id='word_1_146' title='bbox 483 2947 538 3013; x_wconf 85' lang='lat' dir='ltr'><strong>Ex</strong></span> <span class='ocrx_word' id='word_1_147' title='bbox 558 2946 605 3012; x_wconf 91' lang='lat' dir='ltr'><strong>eis</strong></span> <span class='ocrx_word' id='word_1_148' title='bbox 626 2967 710 3035; x_wconf 88' lang='lat' dir='ltr'><strong>qnae</strong></span> <span class='ocrx_word' id='word_1_149' title='bbox 724 2946 957 3033; x_wconf 86' lang='lat' dir='ltr'><strong>disputauimus</strong></span> <span class='ocrx_word' id='word_1_150' title='bbox 978 2946 1117 3035; x_wconf 89' lang='lat' dir='ltr'><strong>primum</strong></span> <span class='ocrx_word' id='word_1_151' title='bbox 1138 2946 1274 3037; x_wconf 91' lang='lat' dir='ltr'><strong>adparet</strong></span> <span class='ocrx_word' id='word_1_152' title='bbox 1295 2947 1344 3014; x_wconf 86' lang='lat' dir='ltr'><strong>eis</strong></span> <span class='ocrx_word' id='word_1_153' title='bbox 1365 2970 1450 3038; x_wconf 81' lang='lat' dir='ltr'><strong>quae</strong></span> 
     </span>
     <span class='ocr_line' id='line_1_21' title="bbox 401 3061 1450 3152; baseline 0.004 -24"><span class='ocrx_word' id='word_1_154' title='bbox 401 3063 434 3129; x_wconf 91' lang='lat' dir='ltr'><strong>in</strong></span> <span class='ocrx_word' id='word_1_155' title='bbox 457 3063 597 3130; x_wconf 85' lang='lat' dir='ltr'><strong>carmine</strong></span> <span class='ocrx_word' id='word_1_156' title='bbox 619 3082 663 3129; x_wconf 78' lang='lat' dir='ltr'><strong>uu</strong></span> <span class='ocrx_word' id='word_1_157' title='bbox 685 3062 724 3128; x_wconf 91' lang='lat' dir='ltr'><strong>de</strong></span> <span class='ocrx_word' id='word_1_158' title='bbox 753 3061 876 3129; x_wconf 84' lang='lat' dir='ltr'><strong>Vatinii</strong></span> <span class='ocrx_word' id='word_1_159' title='bbox 904 3065 1074 3130; x_wconf 82' lang='lat' dir='ltr'><strong>consulatu</strong></span> <span class='ocrx_word' id='word_1_160' title='bbox 1101 3066 1255 3152; x_wconf 88' lang='lat' dir='ltr'><strong>leguntur</strong></span> <span class='ocrx_word' id='word_1_161' title='bbox 1284 3064 1450 3134; x_wconf 79' lang='lat' dir='ltr'><strong>Catullum</strong></span> 
     </span>
     <span class='ocr_line' id='line_1_22' title="bbox 401 3180 1452 3271; baseline 0.005 -27"><span class='ocrx_word' id='word_1_162' title='bbox 401 3191 474 3267; x_wconf 91' lang='lat' dir='ltr'><strong>post</strong></span> <span class='ocrx_word' id='word_1_163' title='bbox 504 3203 621 3246; x_wconf 87' lang='lat' dir='ltr'><strong>annum</strong></span> <span class='ocrx_word' id='word_1_164' title='bbox 645 3180 763 3258; x_wconf 64' lang='lat' dir='ltr'>700J54</span> <span class='ocrx_word' id='word_1_165' title='bbox 783 3181 903 3247; x_wconf 85' lang='lat' dir='ltr'><strong>uixisse</strong></span> <span class='ocrx_word' id='word_1_166' title='bbox 931 3183 1061 3270; x_wconf 90' lang='lat' dir='ltr'><strong>probari</strong></span> <span class='ocrx_word' id='word_1_167' title='bbox 1090 3206 1155 3249; x_wconf 93' lang='lat' dir='ltr'><strong>non</strong></span> <span class='ocrx_word' id='word_1_168' title='bbox 1184 3205 1297 3271; x_wconf 88' lang='lat' dir='ltr'><strong>posse,</strong></span> <span class='ocrx_word' id='word_1_169' title='bbox 1335 3182 1452 3250; x_wconf 85' lang='lat' dir='ltr'><strong>deiude</strong></span> 
     </span>
     <span class='ocr_line' id='line_1_23' title="bbox 402 3296 1451 3388; baseline 0.006 -27"><span class='ocrx_word' id='word_1_170' title='bbox 402 3296 646 3384; x_wconf 87' lang='lat' dir='ltr'><strong>Hieronymum,</strong></span> <span class='ocrx_word' id='word_1_171' title='bbox 669 3298 730 3363; x_wconf 89' lang='lat' dir='ltr'><strong>etsi</strong></span> <span class='ocrx_word' id='word_1_172' title='bbox 745 3298 786 3364; x_wconf 90' lang='lat' dir='ltr'><strong>ab</strong></span> <span class='ocrx_word' id='word_1_173' title='bbox 802 3298 890 3365; x_wconf 89' lang='lat' dir='ltr'><strong>omni</strong></span> <span class='ocrx_word' id='word_1_174' title='bbox 905 3321 1014 3365; x_wconf 89' lang='lat' dir='ltr'><strong>errore</strong></span> <span class='ocrx_word' id='word_1_175' title='bbox 1028 3301 1153 3369; x_wconf 87' lang='lat' dir='ltr'><strong>absolui</strong></span> <span class='ocrx_word' id='word_1_176' title='bbox 1168 3310 1319 3388; x_wconf 87' lang='lat' dir='ltr'><strong>nequeat,</strong></span> <span class='ocrx_word' id='word_1_177' title='bbox 1341 3311 1451 3367; x_wconf 84' lang='lat' dir='ltr'><strong>tamen</strong></span> 
     </span>
     <span class='ocr_line' id='line_1_24' title="bbox 402 3413 1451 3506; baseline 0.005 -27"><span class='ocrx_word' id='word_1_178' title='bbox 402 3413 512 3500; x_wconf 88' lang='lat' dir='ltr'><strong>magni</strong></span> <span class='ocrx_word' id='word_1_179' title='bbox 526 3414 643 3479; x_wconf 86' lang='lat' dir='ltr'><strong>erroris</strong></span> <span class='ocrx_word' id='word_1_180' title='bbox 658 3413 790 3480; x_wconf 91' lang='lat' dir='ltr'><strong>crimine</strong></span> <span class='ocrx_word' id='word_1_181' title='bbox 805 3415 1007 3483; x_wconf 90' lang='lat' dir='ltr'><strong>liberandum</strong></span> <span class='ocrx_word' id='word_1_182' title='bbox 1021 3440 1100 3485; x_wconf 89' lang='lat' dir='ltr'><strong>esse.</strong></span> <span class='ocrx_word' id='word_1_183' title='bbox 1142 3442 1217 3485; x_wconf 89' lang='lat' dir='ltr'><strong>uam</strong></span> <span class='ocrx_word' id='word_1_184' title='bbox 1233 3416 1259 3484; x_wconf 85' lang='lat' dir='ltr'><strong>si</strong></span> <span class='ocrx_word' id='word_1_185' title='bbox 1274 3418 1451 3506; x_wconf 88' lang='lat' dir='ltr'><strong>disputatio</strong></span> 
     </span>
     <span class='ocr_line' id='line_1_25' title="bbox 403 3531 1452 3621; baseline 0.008 -27"><span class='ocrx_word' id='word_1_186' title='bbox 403 3540 513 3597; x_wconf 84' lang='lat' dir='ltr'><strong>nostra</strong></span> <span class='ocrx_word' id='word_1_187' title='bbox 532 3531 587 3597; x_wconf 85' lang='lat' dir='ltr'><strong>uia</strong></span> <span class='ocrx_word' id='word_1_188' title='bbox 607 3541 698 3599; x_wconf 87' lang='lat' dir='ltr'><strong>recta</strong></span> <span class='ocrx_word' id='word_1_189' title='bbox 718 3554 891 3621; x_wconf 87' lang='lat' dir='ltr'><strong>progressa</strong></span> <span class='ocrx_word' id='word_1_190' title='bbox 912 3544 979 3618; x_wconf 89' lang='lat' dir='ltr'><strong>est,</strong></span> <span class='ocrx_word' id='word_1_191' title='bbox 1007 3535 1072 3601; x_wconf 90' lang='lat' dir='ltr'><strong>iam</strong></span> <span class='ocrx_word' id='word_1_192' title='bbox 1101 3558 1167 3601; x_wconf 89' lang='lat' dir='ltr'><strong>non</strong></span> <span class='ocrx_word' id='word_1_193' title='bbox 1194 3545 1261 3601; x_wconf 88' lang='lat' dir='ltr'><strong>tam</strong></span> <span class='ocrx_word' id='word_1_194' title='bbox 1284 3534 1452 3619; x_wconf 90' lang='lat' dir='ltr'><strong>decennio,</strong></span> 
     </span>
     <span class='ocr_line' id='line_1_26' title="bbox 402 3648 1452 3743; baseline 0.01 -32"><span class='ocrx_word' id='word_1_195' title='bbox 402 3648 497 3733; x_wconf 87' lang='lat' dir='ltr'><strong>quale</strong></span> <span class='ocrx_word' id='word_1_196' title='bbox 518 3657 658 3715; x_wconf 88' lang='lat' dir='ltr'><strong>erratum</strong></span> <span class='ocrx_word' id='word_1_197' title='bbox 680 3649 870 3740; x_wconf 88' lang='lat' dir='ltr'><strong>plerumque</strong></span> <span class='ocrx_word' id='word_1_198' title='bbox 901 3662 933 3716; x_wconf 91' lang='lat' dir='ltr'><strong>et</strong></span> <span class='ocrx_word' id='word_1_199' title='bbox 964 3653 1065 3741; x_wconf 90' lang='lat' dir='ltr'><strong>uulgo</strong></span> <span class='ocrx_word' id='word_1_200' title='bbox 1087 3653 1339 3743; x_wconf 82' lang='lat' dir='ltr'><strong>chronographo</strong></span> <span class='ocrx_word' id='word_1_201' title='bbox 1360 3655 1452 3741; x_wconf 88' lang='lat' dir='ltr'><strong>inpu-</strong></span> 
     </span>
     <span class='ocr_line' id='line_1_27' title="bbox 402 3765 1452 3860; baseline 0.007 -30"><span class='ocrx_word' id='word_1_202' title='bbox 402 3773 482 3847; x_wconf 88' lang='lat' dir='ltr'><strong>tant,</strong></span> <span class='ocrx_word' id='word_1_203' title='bbox 503 3788 599 3853; x_wconf 90' lang='lat' dir='ltr'><strong>quam</strong></span> <span class='ocrx_word' id='word_1_204' title='bbox 620 3765 758 3832; x_wconf 90' lang='lat' dir='ltr'><strong>triennio</strong></span> <span class='ocrx_word' id='word_1_205' title='bbox 777 3769 831 3834; x_wconf 92' lang='lat' dir='ltr'><strong>uel</strong></span> <span class='ocrx_word' id='word_1_206' title='bbox 847 3768 1058 3857; x_wconf 86' lang='lat' dir='ltr'><strong>quadriennio</strong></span> <span class='ocrx_word' id='word_1_207' title='bbox 1080 3771 1165 3838; x_wconf 91' lang='lat' dir='ltr'><strong>iusto</strong></span> <span class='ocrx_word' id='word_1_208' title='bbox 1187 3772 1276 3860; x_wconf 90' lang='lat' dir='ltr'><strong>prius</strong></span> <span class='ocrx_word' id='word_1_209' title='bbox 1290 3772 1452 3858; x_wconf 85' lang='lat' dir='ltr'><strong>Hierony-</strong></span> 
     </span>
     <span class='ocr_line' id='line_1_28' title="bbox 402 3884 1451 3973; baseline 0.008 -27"><span class='ocrx_word' id='word_1_210' title='bbox 402 3902 474 3947; x_wconf 90' lang='lat' dir='ltr'><strong>mus</strong></span> <span class='ocrx_word' id='word_1_211' title='bbox 510 3891 645 3948; x_wconf 86' lang='lat' dir='ltr'><strong>mortem</strong></span> <span class='ocrx_word' id='word_1_212' title='bbox 681 3894 796 3970; x_wconf 87' lang='lat' dir='ltr'><strong>poetae</strong></span> <span class='ocrx_word' id='word_1_213' title='bbox 828 3884 994 3951; x_wconf 84' lang='lat' dir='ltr'><strong>indicauit</strong></span> <span class='ocrx_word' id='word_1_214' title='bbox 1047 3887 1135 3973; x_wconf 90' lang='lat' dir='ltr'><strong>quod</strong></span> <span class='ocrx_word' id='word_1_215' title='bbox 1163 3886 1239 3953; x_wconf 91' lang='lat' dir='ltr'><strong>dum</strong></span> <span class='ocrx_word' id='word_1_216' title='bbox 1271 3887 1451 3971; x_wconf 82' lang='lat' dir='ltr'><strong>scribimus,</strong></span> 
     </span>
     <span class='ocr_line' id='line_1_29' title="bbox 402 3998 1453 4100; baseline 0.01 -37"><span class='ocrx_word' id='word_1_217' title='bbox 402 3999 556 4064; x_wconf 86' lang='lat' dir='ltr'><strong>sumimus</strong></span> <span class='ocrx_word' id='word_1_218' title='bbox 579 3998 739 4065; x_wconf 85' lang='lat' dir='ltr'><strong>Catullum</strong></span> <span class='ocrx_word' id='word_1_219' title='bbox 761 4011 875 4088; x_wconf 88' lang='lat' dir='ltr'><strong>postea</strong></span> <span class='ocrx_word' id='word_1_220' title='bbox 897 4025 994 4091; x_wconf 90' lang='lat' dir='ltr'><strong>quam</strong></span> <span class='ocrx_word' id='word_1_221' title='bbox 1016 4004 1122 4069; x_wconf 90' lang='lat' dir='ltr'><strong>medio</strong></span> <span class='ocrx_word' id='word_1_222' title='bbox 1144 4004 1213 4071; x_wconf 86' lang='lat' dir='ltr'><strong>fere</strong></span> <span class='ocrx_word' id='word_1_223' title='bbox 1233 4026 1318 4070; x_wconf 89' lang='lat' dir='ltr'><strong>anno</strong></span> <span class='ocrx_word' id='word_1_224' title='bbox 1333 4005 1453 4100; x_wconf 65' lang='lat' dir='ltr'><strong>lfflldd</strong></span> 
     </span>
     <span class='ocr_line' id='line_1_30' title="bbox 402 4114 1453 4210; baseline 0.007 -28"><span class='ocrx_word' id='word_1_225' title='bbox 402 4114 519 4182; x_wconf 91' lang='lat' dir='ltr'><strong>librum</strong></span> <span class='ocrx_word' id='word_1_226' title='bbox 534 4137 626 4181; x_wconf 87' lang='lat' dir='ltr'><strong>suum</strong></span> <span class='ocrx_word' id='word_1_227' title='bbox 642 4114 802 4200; x_wconf 89' lang='lat' dir='ltr'><strong>edidisset,</strong></span> <span class='ocrx_word' id='word_1_228' title='bbox 817 4140 894 4185; x_wconf 91' lang='lat' dir='ltr'><strong>mox</strong></span> <span class='ocrx_word' id='word_1_229' title='bbox 908 4140 927 4184; x_wconf 90' lang='lat' dir='ltr'><strong>e</strong></span> <span class='ocrx_word' id='word_1_230' title='bbox 941 4120 1010 4187; x_wconf 88' lang='lat' dir='ltr'><strong>uita</strong></span> <span class='ocrx_word' id='word_1_231' title='bbox 1025 4121 1212 4188; x_wconf 87' lang='lat' dir='ltr'><strong>decessisse.</strong></span> <span class='ocrx_word' id='word_1_232' title='bbox 1237 4123 1290 4188; x_wconf 91' lang='lat' dir='ltr'><strong>cui</strong></span> <span class='ocrx_word' id='word_1_233' title='bbox 1304 4124 1453 4210; x_wconf 89' lang='lat' dir='ltr'><strong>opinioni</strong></span> 
     </span>
    </p>
   </div>
   <div class='ocr_carea' id='block_1_3' title="bbox 0 0 1681 5200">
    <p class='ocr_par' dir='ltr' id='par_1_4' title="bbox 0 0 1681 5200">
     <span class='ocr_line' id='line_1_31' title="bbox 0 0 1681 5200; baseline 0 0"><span class='ocrx_word' id='word_1_234' title='bbox 0 0 1681 5200; x_wconf 95' lang='lat' dir='ltr'><strong> </strong></span> 
     </span>
    </p>
   </div>
  </div>
 </body>
</html>
