3342 5200
384 636 420 687 48
528 632 555 685 11
587 632 637 685 DE
653 632 758 687 ANNE
776 630 910 687 usuum
925 631 973 685 m*
988 628 1120 682 usuum
1137 628 1292 684 curvum

388 808 492 869 restet
530 810 567 865 ut
600 800 641 869 (lo
672 798 903 887 probabilitate
944 807 978 866 et
1018 798 1141 864 osussis
1179 796 1297 863 erroris
1334 795 1435 864 trium
1575 851 1585 879 ,

388 938 545 985 annorum
575 938 671 1007 quem
702 916 938 1005 Hieronymum
969 914 1166 988 mouisse
1196 936 1255 981 uos
1274 924 1436 1002 putemus,

388 1056 492 1121 penos
512 1033 675 1101 addemus.
717 1042 751 1099 et
771 1055 918 1101 ouussem
940 1033 1070 1123 quidem
1096 1031 1214 1099 erroris
1234 1031 1337 1099 libere
1358 1052 1436 1099 oon·

389 1150 483 1219 fitoor
506 1150 541 1219 in
561 1152 719 1239 scriptore
739 1150 904 1217 erroribus
924 1159 991 1216 tum
1012 1148 1155 1216 obnoxio
1176 1169 1229 1213 me
1249 1148 1347 1215 anxio
1365 1169 1435 1213 uon

390 1289 564 1357 quaerero,
591 1288 785 1369 quemquem
807 1266 920 1332 eodem
940 1264 1075 1332 urtifioio
1097 1265 1184 1354 quod
1204 1264 1435 1332 Loohmuuuus

389 1383 431 1451 ed
452 1384 731 1473 chronographum
752 1383 986 1450 emendandum
1006 1382 1152 1449 adhibuit
1173 1382 1220 1447 uti
1241 1382 1334 1449 nobis
1355 1404 1435 1470 quo·

389 1522 453 1589 que
472 1500 505 1567 in
526 1511 676 1589 promptu
698 1510 755 1567 est.
798 1522 860 1589 nge
881 1500 957 1566 dum
978 1509 1157 1566 statuamus
1177 1498 1252 1565 lieet
1272 1498 1434 1586 Hierony·

388 1640 475 1685 mum
501 1618 539 1685 L
569 1616 713 1687 Cornelii
740 1618 778 1684 L.
807 1618 830 1683 f.
851 1616 890 1683 L.
911 1642 944 1686 n.
974 1615 1100 1684 Oiunue
1130 1617 1300 1684 consulatu
1327 1614 1433 1704 primo

389 1759 417 1803 s.
447 1734 561 1809 667187
595 1744 628 1801 et
657 1746 772 1823 quarto
808 1758 838 1801 n.
873 1734 991 1813 670184
1026 1743 1209 1822 permutato
1243 1734 1278 1799 in
1310 1733 1433 1799 Catulli

389 1966 523 2035 misisse.
563 1990 648 2035 euno
670 1969 755 2035 euim
769 1969 887 2047 670l84
901 1966 1066 2036 Catullum
1086 1978 1197 2036 uotum
1218 1978 1251 2035 et
1264 1957 1432 2056 trig‘osimo

389 2085 504 2152 notetis
518 2106 602 2153 enno
617 2085 735 2165 700154
748 2095 910 2153 mortuum
924 2108 1006 2153 esse.
1049 2107 1133 2175 quse
1146 2086 1306 2153 sententie
1325 2076 1460 2153 oeten
1564 2060 1575 2083 ⁸

388 2200 525 2271 Lesbiae
546 2213 723 2291 ooupnrete
753 2205 814 2269 etsi
844 2225 910 2270 nou
939 2202 987 2271 ite
1016 2205 1152 2274 multum
1180 2202 1434 2281 commendetur,

295 2306 300 2315 ¹
387 2328 497 2389 temen
516 2341 582 2387 non
602 2343 733 2409 prorsue
750 2319 963 2410 inprobabilis
984 2329 1043 2402 est,
1064 2319 1098 2387 id
1115 2320 1203 2408 quod
1224 2322 1308 2387 inire
1327 2342 1436 2389 exem·

389 2438 443 2525 pio
466 2437 644 2507 certissimo
666 2437 966 2507 demonstrabimus.
1010 2436 1068 2504 sed
1081 2447 1189 2505 tumen
1209 2439 1312 2504 multo
1326 2460 1434 2526 proes-
1548 2525 1553 2533 ι

386 2563 437 2624 nt
463 2580 585 2625 eunum
611 2556 750 2624 nutelem
782 2576 879 2645 quem
908 2554 1129 2644 Hieronymus
1156 2553 1312 2622 iudionuit
1331 2555 1433 2623 ueris·

388 2673 503 2742 simum
525 2674 643 2741 ducere
664 2682 697 2740 et
718 2695 860 2742 errorem
880 2672 914 2738 in
934 2674 1004 2740 solo
1025 2696 1110 2740 nuno
1130 2673 1225 2740 tetuli
1244 2672 1291 2744 ite
1310 2673 1434 2738 footnm

387 2800 502 2881 putero
529 2798 565 2856 ut
592 2789 812 2879 Hieronymus
838 2813 972 2857 numero
1004 2800 1158 2879 corrupto
1190 2788 1328 2881 exempli
1350 2789 1434 2858 Sne·

387 2907 509 2974 toniuni
531 2907 687 2994 deeeptus
715 2909 919 2996 conputundo
952 2930 1074 2974 numum
1099 2908 1230 2974 fatalem
1259 2909 1433 2975 adsecutus

388 3024 440 3090 sit.
495 3024 537 3091 of.
573 3025 614 3092 de
655 3025 813 3091 similibus
857 3024 1051 3112 Hieronymi
1093 3025 1254 3092 erroribus
1296 3024 1432 3090 Reiffer-

387 3139 562 3208 sehoidium
598 3144 638 3210 nd
672 3144 787 3231 fragm.
822 3143 861 3208 16
893 3167 925 3231 p.
955 3142 996 3208 37
1032 3151 1066 3207 et
1093 3163 1125 3230 p.
1157 3142 1228 3208 385.
1257 3142 1320 3207 886
1361 3141 1433 3208 Bit·

388 3258 544 3326 sohelium
570 3283 621 3347 up.
653 3260 844 3327 Reifferseh.
866 3283 898 3348 p.
919 3260 992 3326 407.
1035 3260 1229 3327 arbitremur
1259 3258 1360 3347 igitur
1387 3257 1434 3324 G.

387 3375 554 3444 Valerium
576 3375 738 3444 catullum
759 3399 843 3444 enno
864 3376 980 3455 667787
1002 3386 1114 3443 netum
1141 3384 1176 3443 et
1205 3396 1293 3444 euno
1314 3375 1433 3453 tuosne

389 3493 443 3562 nol
462 3495 608 3584 sequenti
629 3504 793 3561 mortuum
813 3516 893 3561 osse.
1414 3487 1419 3495 ’
