<?xml version="1.0" encoding="UTF-8"?>
<!DOCTYPE html PUBLIC "-//W3C//DTD XHTML 1.0 Transitional//EN"
    "http://www.w3.org/TR/xhtml1/DTD/xhtml1-transitional.dtd">
<html xmlns="http://www.w3.org/1999/xhtml" xml:lang="en" lang="en">
 <head>
  <title>
</title>
<meta http-equiv="Content-Type" content="text/html;charset=utf-8" />
  <meta name='ocr-system' content='tesseract 3.04.00' />
  <meta name='ocr-capabilities' content='ocr_page ocr_carea ocr_par ocr_line ocrx_word'/>
</head>
<body>
  <div class='ocr_page' id='page_1' title='image "./gvalericatvllil01catugoog_0163.png"; bbox 0 0 3342 5200; ppageno 0'>
   <div class='ocr_carea' id='block_1_1' title="bbox 490 597 1263 652">
    <p class='ocr_par' dir='ltr' id='par_1_1' title="bbox 490 597 1263 652">
     <span class='ocr_line' id='line_1_1' title="bbox 490 597 1263 652; baseline -0.001 -1"><span class='ocrx_word' id='word_1_1' title='bbox 490 601 542 651; x_wconf 85' lang='lat' dir='ltr'>vn</span> <span class='ocrx_word' id='word_1_2' title='bbox 574 599 622 652; x_wconf 84' lang='lat' dir='ltr'>DE</span> <span class='ocrx_word' id='word_1_3' title='bbox 640 599 782 652; x_wconf 74' lang='lat' dir='ltr'>l&#39;l&#39;lllERll</span> <span class='ocrx_word' id='word_1_4' title='bbox 799 597 997 651; x_wconf 76' lang='lat' dir='ltr'>Blunmco</span> <span class='ocrx_word' id='word_1_5' title='bbox 1214 599 1263 650; x_wconf 78' lang='grc'>169</span> 
     </span>
    </p>
   </div>
   <div class='ocr_carea' id='block_1_2' title="bbox 210 759 1265 2019">
    <p class='ocr_par' dir='ltr' id='par_1_2' title="bbox 210 759 1265 2019">
     <span class='ocr_line' id='line_1_2' title="bbox 215 759 1264 853; baseline -0.004 -21"><span class='ocrx_word' id='word_1_6' title='bbox 215 768 290 832; x_wconf 89' lang='lat' dir='ltr'>dem</span> <span class='ocrx_word' id='word_1_7' title='bbox 314 769 386 832; x_wconf 81' lang='lat' dir='ltr'>tere</span> <span class='ocrx_word' id='word_1_8' title='bbox 407 759 625 831; x_wconf 86' lang='lat' dir='ltr'>coniecturam</span> <span class='ocrx_word' id='word_1_9' title='bbox 640 775 752 853; x_wconf 86' lang='lat' dir='ltr'>postea</span> <span class='ocrx_word' id='word_1_10' title='bbox 768 762 916 853; x_wconf 83' lang='lat' dir='ltr'>Scaliger</span> <span class='ocrx_word' id='word_1_11' title='bbox 936 765 978 830; x_wconf 89' lang='lat' dir='ltr'>ad</span> <span class='ocrx_word' id='word_1_12' title='bbox 999 763 1147 830; x_wconf 72' lang='lat' dir='ltr'><strong>carminis</strong></span> <span class='ocrx_word' id='word_1_13' title='bbox 1161 787 1264 828; x_wconf 80' lang='lat' dir='ltr'>xxviii</span> 
     </span>
     <span class='ocr_line' id='line_1_3' title="bbox 213 881 1265 970; baseline -0.002 -22"><span class='ocrx_word' id='word_1_14' title='bbox 213 885 234 948; x_wconf 81' lang='lat'>9</span> <span class='ocrx_word' id='word_1_15' title='bbox 262 893 297 948; x_wconf 92' lang='lat' dir='ltr'>et</span> <span class='ocrx_word' id='word_1_16' title='bbox 328 883 467 970; x_wconf 84' lang='lat' dir='ltr'>Pighius</span> <span class='ocrx_word' id='word_1_17' title='bbox 495 881 656 948; x_wconf 83' lang='lat' dir='ltr'>annalium</span> <span class='ocrx_word' id='word_1_18' title='bbox 685 882 908 947; x_wconf 88' lang='lat' dir='ltr'>Romanorum</span> <span class='ocrx_word' id='word_1_19' title='bbox 929 906 959 947; x_wconf 90' lang='grc' dir='ltr'>ιιι</span> <span class='ocrx_word' id='word_1_20' title='bbox 980 882 1044 948; x_wconf 86' lang='grc'>380</span> <span class='ocrx_word' id='word_1_21' title='bbox 1063 882 1210 947; x_wconf 85' lang='lat' dir='ltr'>fecerunt</span> <span class='ocrx_word' id='word_1_22' title='bbox 1232 888 1265 946; x_wconf 89' lang='lat' dir='ltr'>et</span> 
     </span>
     <span class='ocr_line' id='line_1_4' title="bbox 213 997 1265 1086; baseline -0.003 -22"><span class='ocrx_word' id='word_1_23' title='bbox 213 1001 265 1066; x_wconf 92' lang='lat' dir='ltr'>hic</span> <span class='ocrx_word' id='word_1_24' title='bbox 280 1022 368 1065; x_wconf 82' lang='lat' dir='ltr'>anno</span> <span class='ocrx_word' id='word_1_25' title='bbox 383 1000 501 1076; x_wconf 76' lang='lat' dir='ltr'>698s56</span> <span class='ocrx_word' id='word_1_26' title='bbox 515 998 702 1064; x_wconf 82' lang='lat' dir='ltr'>Memmium</span> <span class='ocrx_word' id='word_1_27' title='bbox 723 1021 742 1062; x_wconf 89' lang='lat' dir='ltr'>a</span> <span class='ocrx_word' id='word_1_28' title='bbox 756 999 839 1064; x_wconf 93' lang='lat' dir='ltr'>Iulio</span> <span class='ocrx_word' id='word_1_29' title='bbox 855 997 994 1065; x_wconf 75' lang='lat' dir='ltr'>Caesare</span> <span class='ocrx_word' id='word_1_30' title='bbox 1015 998 1265 1086; x_wconf 86' lang='lat' dir='ltr'>repetundarum</span> 
     </span>
     <span class='ocr_line' id='line_1_5' title="bbox 214 1112 1263 1203; baseline -0.004 -21"><span class='ocrx_word' id='word_1_31' title='bbox 214 1139 307 1182; x_wconf 91' lang='lat' dir='ltr'>reum</span> <span class='ocrx_word' id='word_1_32' title='bbox 340 1116 464 1181; x_wconf 85' lang='lat' dir='ltr'>factum</span> <span class='ocrx_word' id='word_1_33' title='bbox 494 1137 563 1181; x_wconf 88' lang='lat' dir='ltr'>esse</span> <span class='ocrx_word' id='word_1_34' title='bbox 594 1115 730 1202; x_wconf 87' lang='lat' dir='ltr'>putauit.</span> <span class='ocrx_word' id='word_1_35' title='bbox 783 1115 901 1203; x_wconf 87' lang='lat' dir='ltr'>quibus</span> <span class='ocrx_word' id='word_1_36' title='bbox 934 1112 1057 1182; x_wconf 77' lang='lat' dir='ltr'>Gitanii</span> <span class='ocrx_word' id='word_1_37' title='bbox 1090 1124 1124 1181; x_wconf 92' lang='lat' dir='ltr'>et</span> <span class='ocrx_word' id='word_1_38' title='bbox 1156 1113 1263 1200; x_wconf 89' lang='lat' dir='ltr'>Pighii</span> 
     </span>
     <span class='ocr_line' id='line_1_6' title="bbox 214 1229 1261 1321; baseline -0.004 -23"><span class='ocrx_word' id='word_1_39' title='bbox 214 1233 385 1299; x_wconf 80' lang='lat' dir='ltr'>sententiis</span> <span class='ocrx_word' id='word_1_40' title='bbox 416 1241 545 1321; x_wconf 85' lang='lat' dir='ltr'>praeter</span> <span class='ocrx_word' id='word_1_41' title='bbox 575 1232 676 1297; x_wconf 86' lang='lat' dir='ltr'>multa</span> <span class='ocrx_word' id='word_1_42' title='bbox 707 1233 771 1298; x_wconf 84' lang='lat' dir='ltr'>alia</span> <span class='ocrx_word' id='word_1_43' title='bbox 800 1241 982 1318; x_wconf 83' lang='lat' dir='ltr'>temporum</span> <span class='ocrx_word' id='word_1_44' title='bbox 1013 1231 1094 1296; x_wconf 90' lang='lat' dir='ltr'>ratio</span> <span class='ocrx_word' id='word_1_45' title='bbox 1132 1229 1261 1295; x_wconf 92' lang='lat' dir='ltr'>omnino</span> 
     </span>
     <span class='ocr_line' id='line_1_7' title="bbox 214 1346 1263 1438; baseline -0.002 -24"><span class='ocrx_word' id='word_1_46' title='bbox 214 1359 403 1438; x_wconf 87' lang='lat' dir='ltr'>oppugnat,</span> <span class='ocrx_word' id='word_1_47' title='bbox 426 1349 557 1437; x_wconf 86' lang='lat' dir='ltr'>quando</span> <span class='ocrx_word' id='word_1_48' title='bbox 578 1349 725 1436; x_wconf 91' lang='lat' dir='ltr'>quidem,</span> <span class='ocrx_word' id='word_1_49' title='bbox 756 1371 830 1413; x_wconf 88' lang='lat' dir='ltr'>cum</span> <span class='ocrx_word' id='word_1_50' title='bbox 853 1346 1025 1413; x_wconf 86' lang='lat' dir='ltr'>Memmius</span> <span class='ocrx_word' id='word_1_51' title='bbox 1041 1355 1088 1413; x_wconf 69' lang='lat' dir='ltr'>‘ex</span> <span class='ocrx_word' id='word_1_52' title='bbox 1108 1346 1263 1432; x_wconf 85' lang='lat' dir='ltr'>Bithynia</span> 
     </span>
     <span class='ocr_line' id='line_1_8' title="bbox 213 1463 1263 1552; baseline -0.003 -19"><span class='ocrx_word' id='word_1_53' title='bbox 213 1468 355 1533; x_wconf 83' lang='lat' dir='ltr'>Romam</span> <span class='ocrx_word' id='word_1_54' title='bbox 382 1465 492 1550; x_wconf 88' lang='lat' dir='ltr'>rediit,</span> <span class='ocrx_word' id='word_1_55' title='bbox 523 1465 644 1531; x_wconf 82' lang='lat' dir='ltr'>Caesar</span> <span class='ocrx_word' id='word_1_56' title='bbox 671 1465 735 1530; x_wconf 87' lang='lat' dir='ltr'>iam</span> <span class='ocrx_word' id='word_1_57' title='bbox 764 1464 885 1530; x_wconf 90' lang='lat' dir='ltr'>dudum</span> <span class='ocrx_word' id='word_1_58' title='bbox 906 1465 940 1530; x_wconf 89' lang='lat' dir='ltr'>in</span> <span class='ocrx_word' id='word_1_59' title='bbox 961 1463 1073 1530; x_wconf 84' lang='lat' dir='ltr'>Gallia</span> <span class='ocrx_word' id='word_1_60' title='bbox 1093 1463 1263 1552; x_wconf 85' lang='lat' dir='ltr'>prouincia</span> 
     </span>
     <span class='ocr_line' id='line_1_9' title="bbox 213 1580 1262 1669; baseline -0.004 -21"><span class='ocrx_word' id='word_1_61' title='bbox 213 1593 430 1650; x_wconf 77' lang='lat' dir='ltr'>commoratus</span> <span class='ocrx_word' id='word_1_62' title='bbox 462 1592 512 1648; x_wconf 87' lang='lat' dir='ltr'>est</span> <span class='ocrx_word' id='word_1_63' title='bbox 531 1604 552 1660; x_wconf 47' lang='lat' dir='ltr'>,r</span> <span class='ocrx_word' id='word_1_64' title='bbox 581 1607 657 1649; x_wconf 89' lang='lat' dir='ltr'>nam</span> <span class='ocrx_word' id='word_1_65' title='bbox 697 1601 780 1669; x_wconf 89' lang='lat' dir='ltr'>quae</span> <span class='ocrx_word' id='word_1_66' title='bbox 811 1581 949 1668; x_wconf 84' lang='lat' dir='ltr'>Pighius</span> <span class='ocrx_word' id='word_1_67' title='bbox 982 1581 1023 1646; x_wconf 87' lang='lat' dir='ltr'>de</span> <span class='ocrx_word' id='word_1_68' title='bbox 1058 1580 1262 1646; x_wconf 75' lang='lat' dir='ltr'>accusatione</span> 
     </span>
     <span class='ocr_line' id='line_1_10' title="bbox 211 1697 1262 1786; baseline -0.005 -20"><span class='ocrx_word' id='word_1_69' title='bbox 211 1699 359 1766; x_wconf 88' lang='lat' dir='ltr'>Memmii</span> <span class='ocrx_word' id='word_1_70' title='bbox 379 1721 438 1786; x_wconf 88' lang='lat' dir='ltr'>per</span> <span class='ocrx_word' id='word_1_71' title='bbox 458 1699 580 1764; x_wconf 82' lang='lat' dir='ltr'>litteras</span> <span class='ocrx_word' id='word_1_72' title='bbox 595 1700 682 1764; x_wconf 86' lang='lat' dir='ltr'>facta</span> <span class='ocrx_word' id='word_1_73' title='bbox 703 1698 859 1764; x_wconf 75' lang='lat' dir='ltr'>ariolatus</span> <span class='ocrx_word' id='word_1_74' title='bbox 878 1719 943 1763; x_wconf 90' lang='lat' dir='ltr'>non</span> <span class='ocrx_word' id='word_1_75' title='bbox 966 1705 1017 1762; x_wconf 91' lang='lat' dir='ltr'>est</span> <span class='ocrx_word' id='word_1_76' title='bbox 1038 1698 1124 1785; x_wconf 86' lang='lat' dir='ltr'>qnod</span> <span class='ocrx_word' id='word_1_77' title='bbox 1146 1697 1262 1762; x_wconf 79' lang='lat' dir='ltr'>refuto</span> 
     </span>
     <span class='ocr_line' id='line_1_11' title="bbox 211 1813 1262 1902; baseline -0.004 -20"><span class='ocrx_word' id='word_1_78' title='bbox 211 1840 296 1882; x_wconf 86' lang='lat' dir='ltr'>mus.</span> <span class='ocrx_word' id='word_1_79' title='bbox 340 1815 464 1881; x_wconf 82' lang='lat' dir='ltr'>accedit</span> <span class='ocrx_word' id='word_1_80' title='bbox 483 1824 520 1880; x_wconf 93' lang='lat' dir='ltr'>ut</span> <span class='ocrx_word' id='word_1_81' title='bbox 540 1823 609 1881; x_wconf 84' lang='lat' dir='ltr'>tota</span> <span class='ocrx_word' id='word_1_82' title='bbox 630 1814 752 1882; x_wconf 84' lang='lat' dir='ltr'>Gifanii</span> <span class='ocrx_word' id='word_1_83' title='bbox 775 1825 807 1880; x_wconf 88' lang='lat' dir='ltr'>et</span> <span class='ocrx_word' id='word_1_84' title='bbox 828 1813 936 1902; x_wconf 93' lang='lat' dir='ltr'>Pighii</span> <span class='ocrx_word' id='word_1_85' title='bbox 960 1815 1070 1902; x_wconf 89' lang='lat' dir='ltr'>opinio</span> <span class='ocrx_word' id='word_1_86' title='bbox 1091 1815 1134 1882; x_wconf 86' lang='lat' dir='ltr'>ab</span> <span class='ocrx_word' id='word_1_87' title='bbox 1155 1835 1262 1880; x_wconf 91' lang='lat' dir='ltr'>emen·</span> 
     </span>
     <span class='ocr_line' id='line_1_12' title="bbox 210 1931 1260 2019; baseline -0.006 -19"><span class='ocrx_word' id='word_1_88' title='bbox 210 1934 319 2000; x_wconf 84' lang='lat' dir='ltr'>dando</span> <span class='ocrx_word' id='word_1_89' title='bbox 340 1933 469 1998; x_wconf 90' lang='lat' dir='ltr'>nomine</span> <span class='ocrx_word' id='word_1_90' title='bbox 492 1933 580 2019; x_wconf 90' lang='lat' dir='ltr'>quod</span> <span class='ocrx_word' id='word_1_91' title='bbox 599 1932 632 1997; x_wconf 93' lang='lat' dir='ltr'>in</span> <span class='ocrx_word' id='word_1_92' title='bbox 655 1931 746 1998; x_wconf 89' lang='lat' dir='ltr'>libris</span> <span class='ocrx_word' id='word_1_93' title='bbox 768 1933 814 1997; x_wconf 91' lang='lat' dir='ltr'>M.</span> <span class='ocrx_word' id='word_1_94' title='bbox 840 1937 927 1996; x_wconf 70' lang='lat' dir='ltr'>edoce</span> <span class='ocrx_word' id='word_1_95' title='bbox 948 1941 998 1998; x_wconf 85' lang='lat' dir='ltr'>est</span> <span class='ocrx_word' id='word_1_96' title='bbox 1019 1931 1168 2018; x_wconf 87' lang='lat' dir='ltr'>pendeat,</span> <span class='ocrx_word' id='word_1_97' title='bbox 1199 1951 1260 2018; x_wconf 90' lang='lat' dir='ltr'>pro</span> 
     </span>
    </p>
   </div>
   <div class='ocr_carea' id='block_1_3' title="bbox 211 2037 1261 2138">
    <p class='ocr_par' dir='ltr' id='par_1_3' title="bbox 211 2037 1261 2138">
     <span class='ocr_line' id='line_1_13' title="bbox 211 2037 1261 2138; baseline -0.003 -24"><span class='ocrx_word' id='word_1_98' title='bbox 211 2073 280 2138; x_wconf 87' lang='lat' dir='ltr'>qua</span> <span class='ocrx_word' id='word_1_99' title='bbox 302 2049 482 2136; x_wconf 88' lang='lat' dir='ltr'>corruptela</span> <span class='ocrx_word' id='word_1_100' title='bbox 498 2047 648 2114; x_wconf 82' lang='lat' dir='ltr'>Gifanius</span> <span class='ocrx_word' id='word_1_101' title='bbox 669 2058 702 2113; x_wconf 88' lang='lat' dir='ltr'>et</span> <span class='ocrx_word' id='word_1_102' title='bbox 723 2047 857 2135; x_wconf 85' lang='lat' dir='ltr'>Pighius</span> <span class='ocrx_word' id='word_1_103' title='bbox 871 2037 1023 2113; x_wconf 74' lang='lat' dir='ltr'>‘Memmi&#39;</span> <span class='ocrx_word' id='word_1_104' title='bbox 1038 2056 1261 2114; x_wconf 86' lang='lat' dir='ltr'>correxerunt.</span> 
     </span>
    </p>
   </div>
   <div class='ocr_carea' id='block_1_4' title="bbox 96 2162 1260 2254">
    <p class='ocr_par' dir='ltr' id='par_1_4' title="bbox 96 2162 1260 2254">
     <span class='ocr_line' id='line_1_14' title="bbox 96 2162 1260 2254; baseline -0.004 -23"><span class='ocrx_word' id='word_1_105' title='bbox 96 2201 97 2220; x_wconf 55' lang='grc' dir='ltr'>ι</span> <span class='ocrx_word' id='word_1_106' title='bbox 211 2167 272 2230; x_wconf 85' lang='lat' dir='ltr'>sed</span> <span class='ocrx_word' id='word_1_107' title='bbox 309 2175 498 2254; x_wconf 89' lang='lat' dir='ltr'>corruptum</span> <span class='ocrx_word' id='word_1_108' title='bbox 532 2165 611 2230; x_wconf 87' lang='lat' dir='ltr'>illud</span> <span class='ocrx_word' id='word_1_109' title='bbox 644 2187 781 2248; x_wconf 86' lang='lat' dir='ltr'>nomen,</span> <span class='ocrx_word' id='word_1_110' title='bbox 824 2164 919 2230; x_wconf 89' lang='lat' dir='ltr'>sicuti</span> <span class='ocrx_word' id='word_1_111' title='bbox 958 2165 993 2230; x_wconf 90' lang='lat' dir='ltr'>in</span> <span class='ocrx_word' id='word_1_112' title='bbox 1022 2162 1260 2231; x_wconf 83' lang='lat' dir='ltr'>Schneidewini</span> 
     </span>
    </p>
   </div>
   <div class='ocr_carea' id='block_1_5' title="bbox 165 2280 1262 4124">
    <p class='ocr_par' dir='ltr' id='par_1_5' title="bbox 165 2280 1262 3750">
     <span class='ocr_line' id='line_1_15' title="bbox 209 2280 1259 2369; baseline -0.004 -21"><span class='ocrx_word' id='word_1_113' title='bbox 209 2282 379 2369; x_wconf 85' lang='lat' dir='ltr'>philologo</span> <span class='ocrx_word' id='word_1_114' title='bbox 406 2304 437 2347; x_wconf 81' lang='lat' dir='ltr'>vr</span> <span class='ocrx_word' id='word_1_115' title='bbox 464 2282 525 2346; x_wconf 79' lang='lat'>377</span> <span class='ocrx_word' id='word_1_116' title='bbox 556 2280 793 2368; x_wconf 87' lang='lat' dir='ltr'>Nipperdeius,</span> <span class='ocrx_word' id='word_1_117' title='bbox 823 2304 921 2368; x_wconf 90' lang='lat' dir='ltr'>quem</span> <span class='ocrx_word' id='word_1_118' title='bbox 948 2281 1101 2347; x_wconf 79' lang='lat' dir='ltr'>Hertzius</span> <span class='ocrx_word' id='word_1_119' title='bbox 1129 2290 1259 2346; x_wconf 88' lang='lat' dir='ltr'>secutus</span> 
     </span>
     <span class='ocr_line' id='line_1_16' title="bbox 211 2397 1262 2486; baseline -0.003 -21"><span class='ocrx_word' id='word_1_120' title='bbox 211 2407 274 2482; x_wconf 85' lang='lat' dir='ltr'>est,</span> <span class='ocrx_word' id='word_1_121' title='bbox 296 2399 415 2480; x_wconf 89' lang='lat' dir='ltr'>docuit,</span> <span class='ocrx_word' id='word_1_122' title='bbox 437 2399 484 2463; x_wconf 82' lang='lat' dir='ltr'>M.</span> <span class='ocrx_word' id='word_1_123' title='bbox 501 2398 600 2464; x_wconf 77' lang='lat' dir='ltr'>Ioues</span> <span class='ocrx_word' id='word_1_124' title='bbox 620 2399 792 2485; x_wconf 89' lang='lat' dir='ltr'>legendum</span> <span class='ocrx_word' id='word_1_125' title='bbox 815 2408 848 2464; x_wconf 88' lang='lat' dir='ltr'>et</span> <span class='ocrx_word' id='word_1_126' title='bbox 869 2397 910 2463; x_wconf 90' lang='lat' dir='ltr'>ad</span> <span class='ocrx_word' id='word_1_127' title='bbox 924 2399 1026 2464; x_wconf 84' lang='lat' dir='ltr'>Asiae</span> <span class='ocrx_word' id='word_1_128' title='bbox 1047 2407 1262 2486; x_wconf 78' lang='lat' dir='ltr'>expraetore</span> 
     </span>
     <span class='ocr_line' id='line_1_17' title="bbox 211 2513 1259 2606; baseline 0.001 -26"><span class='ocrx_word' id='word_1_129' title='bbox 211 2514 440 2606; x_wconf 88' lang='lat' dir='ltr'>proconsulem</span> <span class='ocrx_word' id='word_1_130' title='bbox 469 2515 606 2581; x_wconf 90' lang='lat' dir='ltr'>Iuncum</span> <span class='ocrx_word' id='word_1_131' title='bbox 634 2516 691 2601; x_wconf 85' lang='lat' dir='ltr'>(cf.</span> <span class='ocrx_word' id='word_1_132' title='bbox 719 2515 805 2581; x_wconf 88' lang='lat' dir='ltr'>Plut.</span> <span class='ocrx_word' id='word_1_133' title='bbox 827 2513 921 2583; x_wconf 84' lang='lat' dir='ltr'>Caes.</span> <span class='ocrx_word' id='word_1_134' title='bbox 952 2515 974 2579; x_wconf 81' lang='lat'><strong>2</strong></span> <span class='ocrx_word' id='word_1_135' title='bbox 1004 2515 1110 2581; x_wconf 91' lang='lat' dir='ltr'>Vellei</span> <span class='ocrx_word' id='word_1_136' title='bbox 1130 2514 1259 2581; x_wconf 86' lang='lat' dir='ltr'>Paterc.</span> 
     </span>
     <span class='ocr_line' id='line_1_18' title="bbox 210 2631 1259 2721; baseline -0.004 -21"><span class='ocrx_word' id='word_1_137' title='bbox 210 2658 232 2700; x_wconf 93' lang='grc' dir='ltr'>ιι</span> <span class='ocrx_word' id='word_1_138' title='bbox 256 2634 312 2717; x_wconf 82' lang='lat'>42)</span> <span class='ocrx_word' id='word_1_139' title='bbox 335 2633 411 2700; x_wconf 85' lang='lat' dir='ltr'>anni</span> <span class='ocrx_word' id='word_1_140' title='bbox 432 2632 558 2717; x_wconf 70' lang='grc'><strong>680174,</strong></span> <span class='ocrx_word' id='word_1_141' title='bbox 582 2654 647 2721; x_wconf 90' lang='lat' dir='ltr'>quo</span> <span class='ocrx_word' id='word_1_142' title='bbox 668 2633 737 2721; x_wconf 90' lang='lat' dir='ltr'>ipso</span> <span class='ocrx_word' id='word_1_143' title='bbox 759 2655 845 2699; x_wconf 84' lang='lat' dir='ltr'>anno</span> <span class='ocrx_word' id='word_1_144' title='bbox 867 2634 1046 2701; x_wconf 89' lang='lat' dir='ltr'>orationem</span> <span class='ocrx_word' id='word_1_145' title='bbox 1066 2655 1126 2719; x_wconf 94' lang='lat' dir='ltr'>pro</span> <span class='ocrx_word' id='word_1_146' title='bbox 1147 2631 1259 2720; x_wconf 73' lang='lat' dir='ltr'>Bithy·</span> 
     </span>
     <span class='ocr_line' id='line_1_19' title="bbox 211 2748 1259 2834; baseline -0.002 -19"><span class='ocrx_word' id='word_1_147' title='bbox 211 2750 264 2815; x_wconf 87' lang='lat' dir='ltr'>nis</span> <span class='ocrx_word' id='word_1_148' title='bbox 290 2748 419 2825; x_wconf 80' lang='lat' dir='ltr'>¹Caesar</span> <span class='ocrx_word' id='word_1_149' title='bbox 454 2748 586 2834; x_wconf 87' lang='lat' dir='ltr'>hahuit,</span> <span class='ocrx_word' id='word_1_150' title='bbox 629 2749 833 2817; x_wconf 87' lang='lat' dir='ltr'>referendum</span> <span class='ocrx_word' id='word_1_151' title='bbox 865 2759 924 2817; x_wconf 88' lang='lat' dir='ltr'>ost.</span> <span class='ocrx_word' id='word_1_152' title='bbox 983 2759 1127 2815; x_wconf 87' lang='lat' dir='ltr'>ceterum</span> <span class='ocrx_word' id='word_1_153' title='bbox 1164 2770 1259 2815; x_wconf 90' lang='lat' dir='ltr'>nemo</span> 
     </span>
     <span class='ocr_line' id='line_1_20' title="bbox 212 2864 1259 2955; baseline -0.002 -22"><span class='ocrx_word' id='word_1_154' title='bbox 212 2867 330 2954; x_wconf 89' lang='lat' dir='ltr'>opinor</span> <span class='ocrx_word' id='word_1_155' title='bbox 353 2865 517 2933; x_wconf 84' lang='lat' dir='ltr'>Catullum</span> <span class='ocrx_word' id='word_1_156' title='bbox 539 2864 609 2931; x_wconf 88' lang='lat' dir='ltr'>sine</span> <span class='ocrx_word' id='word_1_157' title='bbox 629 2865 693 2931; x_wconf 90' lang='lat' dir='ltr'>ullo</span> <span class='ocrx_word' id='word_1_158' title='bbox 719 2866 806 2933; x_wconf 89' lang='lat' dir='ltr'>lucro</span> <span class='ocrx_word' id='word_1_159' title='bbox 824 2866 1022 2955; x_wconf 86' lang='lat' dir='ltr'>epronincia</span> <span class='ocrx_word' id='word_1_160' title='bbox 1036 2866 1155 2931; x_wconf 89' lang='lat' dir='ltr'>abiisse</span> <span class='ocrx_word' id='word_1_161' title='bbox 1168 2875 1259 2953; x_wconf 88' lang='lat' dir='ltr'>puta·</span> 
     </span>
     <span class='ocr_line' id='line_1_21' title="bbox 211 2982 1261 3070; baseline -0.003 -20"><span class='ocrx_word' id='word_1_162' title='bbox 211 2985 273 3051; x_wconf 91' lang='lat' dir='ltr'>bit.</span> <span class='ocrx_word' id='word_1_163' title='bbox 316 2993 353 3049; x_wconf 87' lang='lat' dir='ltr'>ut</span> <span class='ocrx_word' id='word_1_164' title='bbox 373 2984 467 3049; x_wconf 88' lang='lat' dir='ltr'>huius</span> <span class='ocrx_word' id='word_1_165' title='bbox 485 2984 532 3048; x_wconf 89' lang='lat' dir='ltr'>rei</span> <span class='ocrx_word' id='word_1_166' title='bbox 555 2983 704 3070; x_wconf 85' lang='lat' dir='ltr'>exemplo</span> <span class='ocrx_word' id='word_1_167' title='bbox 735 2992 823 3066; x_wconf 86' lang='lat' dir='ltr'>utar,</span> <span class='ocrx_word' id='word_1_168' title='bbox 852 2982 1032 3064; x_wconf 83' lang='lat' dir='ltr'>Catullum,</span> <span class='ocrx_word' id='word_1_169' title='bbox 1064 3005 1261 3070; x_wconf 87' lang='lat' dir='ltr'>quamquam</span> 
     </span>
     <span class='ocr_line' id='line_1_22' title="bbox 210 3094 1258 3185; baseline -0.005 -17"><span class='ocrx_word' id='word_1_170' title='bbox 210 3098 295 3168; x_wconf 88' lang='lat' dir='ltr'>‘octo</span> <span class='ocrx_word' id='word_1_171' title='bbox 310 3101 493 3185; x_wconf 91' lang='lat' dir='ltr'>hominihus</span> <span class='ocrx_word' id='word_1_172' title='bbox 515 3098 610 3165; x_wconf 81' lang='lat' dir='ltr'>restis</span> <span class='ocrx_word' id='word_1_173' title='bbox 631 3098 674 3165; x_wconf 86' lang='lat' dir='ltr'>ad</span> <span class='ocrx_word' id='word_1_174' title='bbox 697 3094 854 3165; x_wconf 85' lang='lat' dir='ltr'>lecticam’</span> <span class='ocrx_word' id='word_1_175' title='bbox 874 3100 931 3185; x_wconf 80' lang='lat' dir='ltr'>(cf.</span> <span class='ocrx_word' id='word_1_176' title='bbox 953 3123 976 3163; x_wconf 87' lang='lat' dir='ltr'>x</span> <span class='ocrx_word' id='word_1_177' title='bbox 993 3100 1042 3165; x_wconf 85' lang='lat'>16.</span> <span class='ocrx_word' id='word_1_178' title='bbox 1065 3101 1121 3181; x_wconf 85' lang='lat'>20)</span> <span class='ocrx_word' id='word_1_179' title='bbox 1145 3097 1258 3179; x_wconf 85' lang='lat' dir='ltr'>caruit,</span> 
     </span>
     <span class='ocr_line' id='line_1_23' title="bbox 211 3196 1260 3305; baseline -0.003 -21"><span class='ocrx_word' id='word_1_180' title='bbox 211 3228 321 3284; x_wconf 88' lang='lat' dir='ltr'>tamen</span> <span class='ocrx_word' id='word_1_181' title='bbox 344 3218 521 3305; x_wconf 85' lang='lat' dir='ltr'>phaselum,</span> <span class='ocrx_word' id='word_1_182' title='bbox 547 3196 611 3304; x_wconf 70' lang='lat' dir='ltr'>ouo</span> <span class='ocrx_word' id='word_1_183' title='bbox 633 3215 666 3282; x_wconf 89' lang='lat' dir='ltr'>in</span> <span class='ocrx_word' id='word_1_184' title='bbox 687 3216 816 3283; x_wconf 85' lang='lat' dir='ltr'>Italiam</span> <span class='ocrx_word' id='word_1_185' title='bbox 837 3217 934 3282; x_wconf 88' lang='lat' dir='ltr'>rediit</span> <span class='ocrx_word' id='word_1_186' title='bbox 954 3238 1117 3305; x_wconf 89' lang='lat' dir='ltr'>quemquo</span> <span class='ocrx_word' id='word_1_187' title='bbox 1135 3217 1169 3281; x_wconf 90' lang='lat' dir='ltr'>in</span> <span class='ocrx_word' id='word_1_188' title='bbox 1190 3216 1260 3303; x_wconf 87' lang='lat' dir='ltr'>ipsa</span> 
     </span>
     <span class='ocr_line' id='line_1_24' title="bbox 212 3334 1258 3422; baseline -0.002 -23"><span class='ocrx_word' id='word_1_189' title='bbox 212 3335 368 3421; x_wconf 88' lang='lat' dir='ltr'>Bithynia</span> <span class='ocrx_word' id='word_1_190' title='bbox 405 3334 599 3399; x_wconf 85' lang='lat' dir='ltr'>fabricatum</span> <span class='ocrx_word' id='word_1_191' title='bbox 632 3356 703 3399; x_wconf 90' lang='lat' dir='ltr'>esse</span> <span class='ocrx_word' id='word_1_192' title='bbox 733 3334 802 3422; x_wconf 90' lang='lat' dir='ltr'>ipse</span> <span class='ocrx_word' id='word_1_193' title='bbox 832 3339 873 3399; x_wconf 85' lang='grc' dir='ltr'>ιιιι</span> <span class='ocrx_word' id='word_1_194' title='bbox 903 3335 944 3400; x_wconf 90' lang='grc'>10</span> <span class='ocrx_word' id='word_1_195' title='bbox 974 3344 1071 3421; x_wconf 87' lang='lat' dir='ltr'>poeta</span> <span class='ocrx_word' id='word_1_196' title='bbox 1105 3334 1258 3417; x_wconf 85' lang='lat' dir='ltr'>narrauit,</span> 
     </span>
     <span class='ocr_line' id='line_1_25' title="bbox 211 3450 1259 3540; baseline 0 -23"><span class='ocrx_word' id='word_1_197' title='bbox 211 3474 318 3540; x_wconf 90' lang='lat' dir='ltr'>neque</span> <span class='ocrx_word' id='word_1_198' title='bbox 340 3450 433 3517; x_wconf 85' lang='lat' dir='ltr'>aliter</span> <span class='ocrx_word' id='word_1_199' title='bbox 453 3451 604 3537; x_wconf 87' lang='lat' dir='ltr'>remiges,</span> <span class='ocrx_word' id='word_1_200' title='bbox 626 3450 742 3537; x_wconf 90' lang='lat' dir='ltr'>quihus</span> <span class='ocrx_word' id='word_1_201' title='bbox 757 3451 789 3515; x_wconf 94' lang='lat' dir='ltr'>in</span> <span class='ocrx_word' id='word_1_202' title='bbox 812 3450 892 3516; x_wconf 85' lang='lat' dir='ltr'>rnari</span> <span class='ocrx_word' id='word_1_203' title='bbox 906 3450 1154 3517; x_wconf 84' lang='lat' dir='ltr'>transmittendo</span> <span class='ocrx_word' id='word_1_204' title='bbox 1176 3473 1259 3539; x_wconf 89' lang='lat' dir='ltr'>opus</span> 
     </span>
     <span class='ocr_line' id='line_1_26' title="bbox 210 3567 1258 3663; baseline 0 -30"><span class='ocrx_word' id='word_1_205' title='bbox 210 3579 289 3651; x_wconf 85' lang='lat' dir='ltr'>erat,</span> <span class='ocrx_word' id='word_1_206' title='bbox 313 3568 355 3663; x_wconf 89' lang='lat' dir='ltr'>de</span> <span class='ocrx_word' id='word_1_207' title='bbox 368 3569 457 3634; x_wconf 88' lang='lat' dir='ltr'>lucro</span> <span class='ocrx_word' id='word_1_208' title='bbox 472 3567 645 3655; x_wconf 87' lang='lat' dir='ltr'>Bithynico</span> <span class='ocrx_word' id='word_1_209' title='bbox 661 3567 722 3633; x_wconf 92' lang='lat' dir='ltr'>sihi</span> <span class='ocrx_word' id='word_1_210' title='bbox 737 3590 931 3655; x_wconf 85' lang='lat' dir='ltr'>conparasse</span> <span class='ocrx_word' id='word_1_211' title='bbox 946 3568 1023 3632; x_wconf 91' lang='lat' dir='ltr'>mihi</span> <span class='ocrx_word' id='word_1_212' title='bbox 1039 3569 1169 3656; x_wconf 87' lang='lat' dir='ltr'>quidem</span> <span class='ocrx_word' id='word_1_213' title='bbox 1191 3592 1258 3635; x_wconf 91' lang='lat' dir='ltr'>cer-</span> 
     </span>
     <span class='ocr_line' id='line_1_27' title="bbox 165 3683 449 3750; baseline -0.004 0"><span class='ocrx_word' id='word_1_214' title='bbox 165 3683 169 3689; x_wconf 78' lang='grc'>’</span> <span class='ocrx_word' id='word_1_215' title='bbox 211 3685 371 3750; x_wconf 90' lang='lat' dir='ltr'>tissimum</span> <span class='ocrx_word' id='word_1_216' title='bbox 392 3694 449 3749; x_wconf 83' lang='lat' dir='ltr'>est.</span> 
     </span>
    </p>

    <p class='ocr_par' dir='ltr' id='par_1_6' title="bbox 211 3798 1258 4124">
     <span class='ocr_line' id='line_1_28' title="bbox 294 3798 1257 3889; baseline 0 -21"><span class='ocrx_word' id='word_1_217' title='bbox 294 3800 362 3888; x_wconf 85' lang='lat' dir='ltr'>Spe</span> <span class='ocrx_word' id='word_1_218' title='bbox 390 3801 490 3887; x_wconf 89' lang='lat' dir='ltr'>igitur</span> <span class='ocrx_word' id='word_1_219' title='bbox 522 3824 581 3868; x_wconf 85' lang='lat' dir='ltr'>sua</span> <span class='ocrx_word' id='word_1_220' title='bbox 606 3802 758 3889; x_wconf 87' lang='lat' dir='ltr'>deceptus</span> <span class='ocrx_word' id='word_1_221' title='bbox 787 3811 884 3888; x_wconf 88' lang='lat' dir='ltr'>poeta</span> <span class='ocrx_word' id='word_1_222' title='bbox 908 3803 942 3867; x_wconf 88' lang='lat' dir='ltr'>in</span> <span class='ocrx_word' id='word_1_223' title='bbox 968 3801 1158 3868; x_wconf 89' lang='lat' dir='ltr'>Memmium</span> <span class='ocrx_word' id='word_1_224' title='bbox 1184 3798 1257 3869; x_wconf 87' lang='lat' dir='ltr'>con·</span> 
     </span>
     <span class='ocr_line' id='line_1_29' title="bbox 211 3918 1258 4007; baseline 0 -24"><span class='ocrx_word' id='word_1_225' title='bbox 211 3918 291 3985; x_wconf 83' lang='lat' dir='ltr'>uitia</span> <span class='ocrx_word' id='word_1_226' title='bbox 311 3918 388 3985; x_wconf 90' lang='lat' dir='ltr'>iecit</span> <span class='ocrx_word' id='word_1_227' title='bbox 410 3940 494 4006; x_wconf 86' lang='lat' dir='ltr'>quae</span> <span class='ocrx_word' id='word_1_228' title='bbox 516 3942 613 4007; x_wconf 87' lang='lat' dir='ltr'>supra</span> <span class='ocrx_word' id='word_1_229' title='bbox 634 3919 852 3985; x_wconf 81' lang='lat' dir='ltr'>recensuimus</span> <span class='ocrx_word' id='word_1_230' title='bbox 867 3929 901 3984; x_wconf 88' lang='lat' dir='ltr'>et</span> <span class='ocrx_word' id='word_1_231' title='bbox 914 3942 1043 3985; x_wconf 85' lang='lat' dir='ltr'>carmen</span> <span class='ocrx_word' id='word_1_232' title='bbox 1057 3920 1134 3985; x_wconf 90' lang='lat' dir='ltr'>illud</span> <span class='ocrx_word' id='word_1_233' title='bbox 1148 3943 1258 4001; x_wconf 78' lang='lat' dir='ltr'>xxvio,</span> 
     </span>
     <span class='ocr_line' id='line_1_30' title="bbox 213 4036 1105 4124; baseline 0.003 -24"><span class='ocrx_word' id='word_1_234' title='bbox 213 4058 276 4124; x_wconf 91' lang='lat' dir='ltr'>qno</span> <span class='ocrx_word' id='word_1_235' title='bbox 297 4036 361 4101; x_wconf 87' lang='lat' dir='ltr'>iam</span> <span class='ocrx_word' id='word_1_236' title='bbox 386 4037 514 4123; x_wconf 86' lang='lat' dir='ltr'>saepius</span> <span class='ocrx_word' id='word_1_237' title='bbox 537 4037 587 4101; x_wconf 90' lang='lat' dir='ltr'>usi</span> <span class='ocrx_word' id='word_1_238' title='bbox 606 4060 727 4120; x_wconf 88' lang='lat' dir='ltr'>sumus,</span> <span class='ocrx_word' id='word_1_239' title='bbox 748 4036 799 4101; x_wconf 92' lang='lat' dir='ltr'>his</span> <span class='ocrx_word' id='word_1_240' title='bbox 822 4036 937 4102; x_wconf 86' lang='lat' dir='ltr'>clausit</span> <span class='ocrx_word' id='word_1_241' title='bbox 956 4036 1105 4103; x_wconf 88' lang='lat' dir='ltr'>uersibus</span> 
     </span>
    </p>
   </div>
   <div class='ocr_carea' id='block_1_6' title="bbox 0 0 1676 5200">
    <p class='ocr_par' dir='ltr' id='par_1_7' title="bbox 0 0 1676 5200">
     <span class='ocr_line' id='line_1_31' title="bbox 0 0 1676 5200; baseline 0 1"><span class='ocrx_word' id='word_1_242' title='bbox 0 0 1676 5200; x_wconf 95' lang='lat' dir='ltr'> </span> 
     </span>
    </p>
   </div>
  </div>
 </body>
</html>
