3342 5200
332 618 342 637 '
375 655 426 708 sn
550 653 628 706 xuu
662 653 709 706 nr
728 653 860 708 varum
875 652 1044 708 ceramo
1061 654 1241 710 rosarum

384 819 467 904 Veni,
488 821 653 910 Hauptins
673 819 707 886 in
728 819 829 888 altera
850 841 911 887 sna
931 819 1073 888 editione
1100 821 1175 888 Veto
1191 821 1279 890 fecit
1321 822 1424 893 Scali-

374 959 434 1028 ger
454 937 585 1027 Lipsius
607 939 741 1024 (uerior.
762 937 888 1006 lection
909 961 940 1004 m
960 940 996 1023 b)
1017 937 1208 1006 Torrentius
1229 942 1285 1027 (ad
1307 939 1423 1010 Sueto-

376 1054 420 1122 nii
448 1053 542 1123 Gaes.
567 1053 620 1140 17)
650 1054 785 1122 Vossius
815 1054 872 1140 (ad
902 1053 1065 1123 Catullum
1093 1079 1125 1144 p.
1149 1057 1227 1143 328)
1258 1057 1297 1125 L.
1329 1060 1423 1126 illum

375 1173 541 1258 Vettium,
568 1172 706 1240 indicem
733 1171 980 1240 famosissimum
1005 1194 1046 1240 ex
1074 1171 1244 1242 Ciceronis
1270 1173 1423 1245 Sestiana

374 1301 409 1358 ct
421 1290 598 1358 Vatiniana
617 1299 651 1358 et
671 1290 814 1378 epistulis
836 1289 915 1358 satis
932 1301 1046 1358 notum
1067 1291 1114 1376 (n.
1129 1291 1235 1360 Paulii
1250 1295 1418 1384 encyclop.

374 1431 405 1474 vr
425 1407 534 1493 2530),
555 1429 575 1474 a
596 1405 725 1475 Catullo
744 1407 960 1495 significatum
988 1431 1060 1476 esse
1090 1421 1286 1478 censuerunt
1306 1438 1314 1480 :
1337 1435 1423 1503 quae

375 1525 508 1614 opinio,
549 1547 622 1592 cum
651 1525 731 1592 nihil
766 1525 851 1592 adsit
884 1547 949 1616 quo
983 1527 1180 1614 adprobatur
1214 1551 1320 1619 neque
1356 1552 1422 1619 quo

375 1642 554 1726 refellatur,
585 1643 662 1732 quid
689 1666 748 1710 nos
779 1642 899 1711 iuuat?
940 1667 1080 1733 namque
1107 1667 1149 1711 ne
1178 1646 1258 1714 illud
1289 1647 1422 1736 quidem

374 1781 487 1826 aarum
516 1769 564 1826 est
592 1759 677 1849 quod
710 1759 901 1828 sententiam
929 1761 1018 1828 illam
1046 1761 1209 1829 defensuri
1236 1763 1299 1830 uiri
1331 1764 1421 1831 docti

374 1877 525 1944 dixerunt
558 1877 662 1966 (quod
695 1877 792 1944 etiam
827 1877 854 1945 si
890 1901 1003 1945 uerum
1039 1890 1141 1964 esset,
1182 1889 1290 1947 tomen
1320 1884 1422 1949 nemi·

373 2015 446 2062 uem
476 1994 590 2083 fugere
621 2004 732 2083 posset
759 2018 856 2084 quam
884 1997 958 2062 leue
985 1998 1085 2081 esset)
1108 1997 1255 2064 Vettium
1285 2010 1422 2088 propter

372 2112 517 2199 lingnam
538 2112 652 2178 falsam
673 2121 707 2180 et
728 2113 875 2182 uenalem
898 2113 966 2180 aine
987 2124 1120 2202 propter
1145 2115 1328 2182 facundiam
1348 2140 1422 2204 pcr-

374 2229 526 2296 niciosam
554 2229 615 2295 hoc
643 2230 786 2296 carmine
813 2228 983 2298 sGatullo
1011 2241 1158 2318 carptum
1183 2254 1263 2300 esse.
1307 2244 1423 2301 contra

374 2346 513 2412 eirecte
534 2344 738 2435 explicarunt
758 2347 823 2434 qui,
846 2347 893 2413 uti
914 2347 1107 2415 Parthenius
1127 2338 1292 2416 Palladius
1313 2351 1422 2418 Mure·

374 2475 427 2530 tus
448 2462 645 2551 Doeringius
667 2462 815 2530 Hsndius
836 2464 884 2550 (in
906 2465 1185 2533 obseruationibus
1206 2489 1236 2555 p.
1252 2468 1308 2554 47)
1331 2468 1422 2558 Hey·

374 2581 440 2649 sius
450 2579 516 2665 alii,
530 2581 683 2649 insulsam
697 2581 833 2649 hominis
852 2583 1082 2672 loquacitatem
1096 2609 1116 2651 a
1131 2582 1259 2653 Catullo
1275 2596 1422 2655 notatam

374 2708 580 2788 putauerunt.
602 2736 637 2747 -
672 2699 757 2767 Item
777 2698 965 2787 ignoramus
995 2701 1067 2791 quis
1100 2700 1277 2791 Septimius
1312 2704 1421 2786 fuerit,

374 2818 463 2883 cuius
485 2826 518 2883 et
539 2818 658 2883 Acmes
679 2839 821 2884 amorem
843 2816 991 2885 Catullus
1018 2820 1160 2887 carmine
1188 2822 1244 2887 illo
1270 2823 1422 2889 suauissi-

373 2958 425 3003 mo
439 2956 557 3003 xxxxv
570 2937 685 3001 Acmen
699 2934 863 3023 Septimius
877 2960 950 3002 econ
964 2960 1083 3003 amores
1097 2932 1283 3005 celebrauit
1316 2939 1422 3006 Acme

373 3054 489 3121 liberta
509 3053 640 3121 natione
662 3052 789 3121 Gracco
809 3054 909 3119 luisse
934 3052 1072 3120 uidetur.
1115 3035 1257 3122 cetorum
1279 3080 1421 3137 carmen,

373 3174 400 3237 si
422 3169 463 3237 de
483 3181 628 3258 tompore
648 3171 822 3258 quaeritur,
843 3192 885 3237 ex
905 3193 1002 3239 uersu
1022 3172 1181 3260 nigesimo
1200 3176 1302 3242 altero

572 3310 666 3354 cnam
687 3290 848 3373 Septimio
867 3288 1002 3355 misellas
1022 3292 1143 3357 Acmen

573 3406 691 3473 mauult
711 3430 803 3494 quom
824 3407 936 3493 &siro
956 3407 1204 3496 Bro’tooaiaapac

372 3521 459 3591 haud
492 3522 558 3591 scio
588 3546 628 3590 an
659 3523 778 3611 conligi
806 3522 907 3612 possit
935 3547 1019 3592 anno
1046 3525 1165 3603 699155
1193 3526 1246 3592 uel
1274 3526 1424 3613 sequenti

361 3641 529 3727 scriptum
557 3664 627 3707 csse
649 3665 657 3707 ι
679 3641 733 3706 ἰΙΙο
761 3641 846 3708 enim
874 3665 959 3709 auno
988 3652 1021 3707 ct
1048 3641 1170 3712 Caesar
1196 3644 1229 3709 in
1252 3644 1423 3710 Britannia

374 3758 493 3825 bellare
522 3757 626 3846 coepit
654 3768 686 3824 et
706 3759 843 3827 Crassus
863 3758 897 3826 in
916 3758 1048 3847 Syriam
1067 3761 1233 3850 profectus
1255 3770 1312 3827 cst.
1355 3760 1422 3826 iam

375 3875 416 3940 ad
436 3876 585 3943 carminis
607 3898 694 3943 xxvn
717 3899 848 3943 uersum
868 3876 998 3944 tertium
1024 3878 1260 3945 inlustrandum
1288 3900 1422 3945 conuer-

375 4001 444 4058 tere
453 4013 512 4057 nos
523 3992 639 4079 placet,
652 4015 716 4083 quo
729 3990 878 4061 Catullus
889 3994 1084 4078 Postumiae,
1096 3991 1281 4082 ‘magistrae
1293 3996 1421 4062 ebriosa

375 4108 468 4176 acina
489 4106 689 4196 ebriosion's’,
710 4112 907 4179 mentionem
923 4113 1009 4179 fecit
1045 4134 1087 4179 en
1107 4123 1211 4180 totum
1232 4113 1332 4183 habos
1353 4136 1421 4180 cor·

375 4248 448 4294 men
470 4229 599 4295 breue:
