3342 5200
388 671 415 724 11
449 670 498 725 BE
514 670 622 727 snum
639 670 773 725 Raram
789 672 836 724 ET
852 671 986 725 stram
1001 670 1157 726 cervam
1265 676 1299 727 41

251 837 522 924 cumP.Scsts'rr‚
551 838 1302 929 ossmhe’cttidslloquoretarm‘ss'qaodopcdct,

249 968 289 1021 ta
310 955 354 1023 dc
374 958 508 1021 altero
529 958 740 1021 consulatu
765 956 942 1042 parendo
962 969 998 1022 te
1019 956 1185 1023 diccrca
1205 961 1301 1043 copi-

251 1086 346 1139 tors
389 1072 468 1161 quid
488 1074 592 1161 igitur>
608 1071 656 1139 rei
678 1082 764 1139 esset
783 1074 850 1139 iam
871 1074 947 1139 olim
969 1074 1157 1143 Hadrianus
1174 1074 1299 1141 Turne·

251 1192 313 1257 bus
333 1189 367 1258 in
387 1190 648 1257 aduersariorum
669 1213 726 1256 xxr
750 1190 786 1254 11
809 1190 990 1276 intellexit,
1022 1214 1096 1257 cum
1121 1191 1203 1259 haec
1223 1192 1299 1258 scri·

250 1309 344 1374 beret
374 1334 381 1373 :
423 1308 563 1374 Veturius
598 1308 727 1394 inprobe
767 1309 966 1375 ametando
999 1310 1163 1395 spector,
1198 1308 1303 1396 iperi!

253 1423 374 1508 Osccro,
403 1425 591 1491 ammarum
611 1425 828 1489 cunctabatur
850 1426 930 1490 cuim
951 1449 985 1490 ac
1006 1428 1160 1491 mntem
1180 1424 1252 1509 fore
1272 1437 1301 1490 et

245 1565 304 1629 per
324 1544 517 1609 maculatam
538 1566 630 1608 auum
650 1540 780 1608 maudo
799 1542 935 1626 iurabat,
957 1543 1051 1607 imme
1075 1564 1149 1607 acro
1167 1544 1297 1629 peiera-

250 1659 314 1725 bot:
353 1660 487 1746 proinde
506 1662 689 1726 uomealoae
714 1671 742 1724 ct
760 1660 1035 1746 dolentes-‘scrrpsa't
1056 1658 1195 1726 Gausllm
1213 1654 1300 1747 ‘pss'd

250 1788 304 1860 cat,
327 1777 470 1843 Catullo?
511 1779 590 1865 quid
600 1777 734 1843 oaorm's
748 1770 876 1842 emoti?
916 1786 1015 1865 atque
1028 1787 1153 1865 partem
1168 1777 1299 1867 quidem

249 1894 392 1982 aliquam
420 1894 490 1959 ueri
517 1892 666 1981 Scaliger
681 1894 871 1981 cognouit,
910 1916 983 1959 cum
1012 1893 1194 1978 Vatinium,
1232 1916 1297 1985 quo

250 2019 398 2099 tempore
419 2010 566 2079 Catullus
588 2032 718 2077 carmen
739 2010 898 2094 miscuit,
929 2011 1098 2077 consulatu
1126 2035 1191 2077 non
1220 2010 1298 2077 dum

249 2128 396 2194 functum
430 2150 501 2194 esse
534 2128 592 2194 sed
623 2128 731 2217 potius
761 2128 966 2214 designatum
1000 2127 1099 2194 fuisse
1135 2129 1298 2195 consulem

250 2245 422 2312 coniceret.
465 2246 605 2336 denique
636 2268 678 2311 ne
710 2245 750 2312 de
783 2245 922 2312 ueritate
952 2246 1131 2312 sententiae
1166 2256 1298 2313 nostrae

250 2362 318 2430 ulla
348 2362 549 2452 relinquatur
579 2362 750 2447 dubitatio,
785 2385 825 2428 ea
850 2363 1055 2450 proferantur
1092 2385 1177 2453 quae
1207 2363 1298 2429 echo·

249 2479 345 2545 liaeta
381 2479 550 2548 Bobiensie
585 2480 631 2567 (p.
659 2481 723 2547 315
753 2479 828 2563 Or.)
858 2480 898 2547 ad
929 2481 1037 2546 locum
1078 2480 1221 2569 priorem
1256 2503 1298 2548 ex

249 2596 426 2664 Vatiniana
472 2621 491 2663 a
532 2596 626 2665 nobis
670 2597 865 2686 descriptum
909 2598 1087 2666 adnotauit.
1141 2609 1216 2666 sunt
1257 2621 1297 2665 ea

249 2725 359 2781 autem
385 2691 449 2781 lioc
478 2716 575 2781 modo
604 2725 733 2783 seruata
753 2715 982 2803 Ineptisas'mom
1015 2717 1134 2784 Votiur's
1151 2730 1180 2783 ct
1197 2739 1298 2804 poene

242 2832 412 2920 florerem
461 2879 1239 2902 ................

358 2999 366 3017 .
410 2999 419 3017 .
462 2953 650 3016 cousulotum
669 2951 829 3034 iurauerit,
853 2973 907 3037 qao
925 2954 1063 3037 primum
1083 2951 1149 3016 asli
1165 2973 1221 3016 acc
1240 2971 1297 3015 ua·

249 3069 336 3132 deret
354 3079 466 3154 aptore
507 3072 585 3134 donc
605 3091 676 3154 erpo
696 3054 943 3132 ootacs'uutioacm
962 3073 1093 3134 nonsinut
1111 3091 1197 3154 spem
1216 3070 1297 3132 aide·

249 3186 323 3251 lieet
351 3185 477 3251 umoris
504 3186 600 3272 quast
621 3209 679 3271 per
706 3185 890 3250 dementium
920 3190 1049 3272 oopitoti.
1092 3206 1175 3272 quae
1196 3185 1297 3252 uerba

250 3322 317 3390 quo
337 3324 433 3368 sensu
455 3302 628 3369 scholiasta
649 3302 812 3389 scripserit
832 3302 967 3368 dubium
987 3324 1060 3369 esse
1079 3302 1206 3391 nequit,
1237 3303 1298 3368 etsi

249 3439 318 3486 non
339 3419 427 3484 nulla
441 3419 558 3509 quibus
580 3420 739 3486 sententia
753 3419 963 3507 supplebatur
981 3419 1156 3507 perierunt.
1200 3429 1298 3508 atque

249 3537 392 3624 primum
406 3545 530 3602 certum
545 3545 594 3602 est
607 3536 813 3602 scholiastam
825 3536 1029 3621 Bobiensem,
1045 3561 1118 3604 cum
1130 3538 1298 3605 Vatinium

250 3651 337 3718 dixit
364 3675 424 3739 per
458 3654 661 3741 consulatum
697 3655 820 3720 iurasse
855 3654 943 3742 (quis
973 3657 1059 3720 enim
1090 3655 1130 3721 de
1160 3657 1299 3723 ueritate

249 3770 388 3836 uoculae
406 3795 465 3856 per
483 3769 682 3860 supplendae
697 3771 893 3838 dubitauerit
906 3770 949 3855 d),
970 3772 1011 3838 de
1033 3774 1103 3838 eius
1124 3772 1298 3860 cupiditate

249 3896 285 3953 et
317 3887 476 3953 desiderio
508 3890 694 3954 consulatus
729 3888 828 3954 futuri
864 3889 1033 3975 cogitasse
1077 3889 1194 3956 deinde
1227 3890 1298 3956 ueri

249 4003 447 4083 simillimum
469 4016 518 4072 eet
538 4006 754 4090 scholiastam‚
779 4029 852 4071 cum
873 4006 997 4072 Vatinii
1016 4030 1074 4095 per
1096 4008 1298 4074 consulatum

249 4121 346 4188 iurati
367 4123 564 4190 mentionem
585 4124 677 4203 fecit,
710 4121 830 4190 catulli
851 4147 981 4190 carmen
1010 4145 1072 4208 nu,
1106 4126 1191 4215 quod
1218 4149 1297 4214 prae

250 4238 324 4307 aliis
343 4239 424 4308 olim
444 4249 556 4308 notum
575 4241 674 4308 fuisse
687 4241 872 4308 testimonia
885 4242 982 4309 Plinii
995 4241 1154 4310 Victorini
1166 4243 1297 4312 Boethii
