<?xml version="1.0" encoding="UTF-8"?>
<!DOCTYPE html PUBLIC "-//W3C//DTD XHTML 1.0 Transitional//EN"
    "http://www.w3.org/TR/xhtml1/DTD/xhtml1-transitional.dtd">
<html xmlns="http://www.w3.org/1999/xhtml" xml:lang="en" lang="en">
 <head>
  <title>
</title>
<meta http-equiv="Content-Type" content="text/html;charset=utf-8" />
  <meta name='ocr-system' content='tesseract 3.04.00' />
  <meta name='ocr-capabilities' content='ocr_page ocr_carea ocr_par ocr_line ocrx_word'/>
</head>
<body>
  <div class='ocr_page' id='page_1' title='image "./gvalericatvllil01catugoog_0064.png"; bbox 0 0 3342 5200; ppageno 0'>
   <div class='ocr_carea' id='block_1_1' title="bbox 314 643 1086 701">
    <p class='ocr_par' dir='ltr' id='par_1_1' title="bbox 314 643 1086 701">
     <span class='ocr_line' id='line_1_1' title="bbox 314 643 1086 701; baseline -0.004 0"><span class='ocrx_word' id='word_1_1' title='bbox 314 650 348 701; x_wconf 83' lang='grc'>611</span> <span class='ocrx_word' id='word_1_2' title='bbox 581 648 635 700; x_wconf 87' lang='lat'>1111</span> <span class='ocrx_word' id='word_1_3' title='bbox 668 647 717 700; x_wconf 76' lang='lat' dir='ltr'>DM</span> <span class='ocrx_word' id='word_1_4' title='bbox 733 643 914 698; x_wconf 75' lang='lat' dir='ltr'>auomve</span> <span class='ocrx_word' id='word_1_5' title='bbox 931 643 1086 698; x_wconf 71' lang='lat' dir='ltr'>camel</span> 
     </span>
    </p>
   </div>
   <div class='ocr_carea' id='block_1_2' title="bbox 310 808 1365 3003">
    <p class='ocr_par' dir='ltr' id='par_1_2' title="bbox 311 808 1365 2513">
     <span class='ocr_line' id='line_1_2' title="bbox 314 808 1364 902; baseline -0.003 -24"><span class='ocrx_word' id='word_1_6' title='bbox 314 824 347 881; x_wconf 90' lang='lat' dir='ltr'>et</span> <span class='ocrx_word' id='word_1_7' title='bbox 374 814 522 902; x_wconf 76' lang='lat' dir='ltr'><strong>epistulis</strong></span> <span class='ocrx_word' id='word_1_8' title='bbox 550 812 647 880; x_wconf 84' lang='lat' dir='ltr'>obuic</span> <span class='ocrx_word' id='word_1_9' title='bbox 678 814 758 880; x_wconf 88' lang='lat' dir='ltr'>baec</span> <span class='ocrx_word' id='word_1_10' title='bbox 785 813 854 879; x_wconf 84' lang='lat' dir='ltr'>fere</span> <span class='ocrx_word' id='word_1_11' title='bbox 884 821 969 878; x_wconf 84' lang='lat' dir='ltr'>sunt</span> <span class='ocrx_word' id='word_1_12' title='bbox 1011 808 1128 879; x_wconf 83' lang='lat' dir='ltr'>Clodia</span> <span class='ocrx_word' id='word_1_13' title='bbox 1158 808 1200 891; x_wconf 82' lang='lat' dir='ltr'>Q.</span> <span class='ocrx_word' id='word_1_14' title='bbox 1231 808 1364 876; x_wconf 84' lang='lat' dir='ltr'>Caecilii</span> 
     </span>
     <span class='ocr_line' id='line_1_3' title="bbox 312 925 1365 1017; baseline -0.005 -22"><span class='ocrx_word' id='word_1_15' title='bbox 312 928 437 996; x_wconf 80' lang='lat' dir='ltr'>Metelli</span> <span class='ocrx_word' id='word_1_16' title='bbox 466 927 589 994; x_wconf 89' lang='lat' dir='ltr'>Celeris</span> <span class='ocrx_word' id='word_1_17' title='bbox 620 929 779 1017; x_wconf 87' lang='lat' dir='ltr'>praetoris</span> <span class='ocrx_word' id='word_1_18' title='bbox 807 951 836 994; x_wconf 88' lang='lat' dir='ltr'>a.</span> <span class='ocrx_word' id='word_1_19' title='bbox 865 927 983 1006; x_wconf 92' lang='grc'><strong>691163</strong></span> <span class='ocrx_word' id='word_1_20' title='bbox 1011 925 1151 993; x_wconf 87' lang='grc'><strong>66666116</strong></span> <span class='ocrx_word' id='word_1_21' title='bbox 1183 948 1214 991; x_wconf 85' lang='grc'>6.</span> <span class='ocrx_word' id='word_1_22' title='bbox 1247 925 1365 1004; x_wconf 87' lang='grc'><strong>694160</strong></span> 
     </span>
     <span class='ocr_line' id='line_1_4' title="bbox 312 1042 1365 1134; baseline -0.005 -22"><span class='ocrx_word' id='word_1_23' title='bbox 312 1069 396 1114; x_wconf 82' lang='lat' dir='ltr'>uxor</span> <span class='ocrx_word' id='word_1_24' title='bbox 415 1046 487 1129; x_wconf 81' lang='lat' dir='ltr'>fuit,</span> <span class='ocrx_word' id='word_1_25' title='bbox 509 1047 562 1112; x_wconf 92' lang='lat' dir='ltr'>cui</span> <span class='ocrx_word' id='word_1_26' title='bbox 576 1068 640 1134; x_wconf 92' lang='lat' dir='ltr'>quo</span> <span class='ocrx_word' id='word_1_27' title='bbox 662 1068 746 1112; x_wconf 91' lang='lat' dir='ltr'>anno</span> <span class='ocrx_word' id='word_1_28' title='bbox 767 1045 913 1133; x_wconf 76' lang='lat' dir='ltr'>nupserit</span> <span class='ocrx_word' id='word_1_29' title='bbox 934 1045 1130 1132; x_wconf 60' lang='lat' dir='ltr'>issnoramus.</span> <span class='ocrx_word' id='word_1_30' title='bbox 1173 1042 1240 1108; x_wconf 90' lang='lat' dir='ltr'>boc</span> <span class='ocrx_word' id='word_1_31' title='bbox 1262 1042 1365 1110; x_wconf 88' lang='lat' dir='ltr'>solum</span> 
     </span>
     <span class='ocr_line' id='line_1_5' title="bbox 313 1158 1365 1239; baseline -0.003 -12"><span class='ocrx_word' id='word_1_32' title='bbox 313 1162 430 1228; x_wconf 91' lang='lat' dir='ltr'>scimus</span> <span class='ocrx_word' id='word_1_33' title='bbox 452 1162 600 1231; x_wconf 79' lang='lat' dir='ltr'>Clodium</span> <span class='ocrx_word' id='word_1_34' title='bbox 629 1185 714 1228; x_wconf 88' lang='lat' dir='ltr'>anno</span> <span class='ocrx_word' id='word_1_35' title='bbox 735 1162 852 1239; x_wconf 88' lang='grc'><strong>678176</strong></span> <span class='ocrx_word' id='word_1_36' title='bbox 874 1160 1017 1227; x_wconf 86' lang='grc'><strong>06661116</strong></span> <span class='ocrx_word' id='word_1_37' title='bbox 1039 1160 1171 1227; x_wconf 84' lang='grc'><strong>11616116</strong></span> <span class='ocrx_word' id='word_1_38' title='bbox 1193 1182 1262 1227; x_wconf 91' lang='grc'>666</span> <span class='ocrx_word' id='word_1_39' title='bbox 1287 1158 1365 1226; x_wconf 90' lang='lat' dir='ltr'>dum</span> 
     </span>
     <span class='ocr_line' id='line_1_6' title="bbox 312 1275 1364 1366; baseline -0.003 -22"><span class='ocrx_word' id='word_1_40' title='bbox 312 1280 476 1366; x_wconf 77' lang='lat' dir='ltr'>nupsisse,</span> <span class='ocrx_word' id='word_1_41' title='bbox 508 1301 594 1345; x_wconf 86' lang='lat' dir='ltr'>anno</span> <span class='ocrx_word' id='word_1_42' title='bbox 626 1289 733 1345; x_wconf 84' lang='lat' dir='ltr'>autem</span> <span class='ocrx_word' id='word_1_43' title='bbox 754 1278 872 1356; x_wconf 89' lang='grc'><strong>691163</strong></span> <span class='ocrx_word' id='word_1_44' title='bbox 892 1278 957 1344; x_wconf 86' lang='lat' dir='ltr'>iam</span> <span class='ocrx_word' id='word_1_45' title='bbox 989 1276 1057 1343; x_wconf 91' lang='lat' dir='ltr'>eius</span> <span class='ocrx_word' id='word_1_46' title='bbox 1085 1298 1223 1343; x_wconf 87' lang='lat' dir='ltr'>uxorem</span> <span class='ocrx_word' id='word_1_47' title='bbox 1251 1275 1364 1342; x_wconf 83' lang='lat' dir='ltr'>fuisse.</span> 
     </span>
     <span class='ocr_line' id='line_1_7' title="bbox 313 1394 1363 1483; baseline -0.002 -22"><span class='ocrx_word' id='word_1_48' title='bbox 313 1396 391 1462; x_wconf 91' lang='lat' dir='ltr'>illud</span> <span class='ocrx_word' id='word_1_49' title='bbox 406 1418 448 1461; x_wconf 87' lang='lat' dir='ltr'>ex</span> <span class='ocrx_word' id='word_1_50' title='bbox 467 1395 626 1462; x_wconf 76' lang='lat' dir='ltr'>Varronis</span> <span class='ocrx_word' id='word_1_51' title='bbox 641 1396 682 1463; x_wconf 91' lang='lat' dir='ltr'>de</span> <span class='ocrx_word' id='word_1_52' title='bbox 696 1418 732 1461; x_wconf 88' lang='lat' dir='ltr'>re</span> <span class='ocrx_word' id='word_1_53' title='bbox 745 1395 867 1463; x_wconf 88' lang='lat' dir='ltr'>rustica</span> <span class='ocrx_word' id='word_1_54' title='bbox 881 1418 911 1461; x_wconf 87' lang='grc' dir='ltr'>ιιι</span> <span class='ocrx_word' id='word_1_55' title='bbox 929 1396 968 1460; x_wconf 89' lang='lat'>16</span> <span class='ocrx_word' id='word_1_56' title='bbox 982 1396 1003 1460; x_wconf 80' lang='lat'><strong>2</strong></span> <span class='ocrx_word' id='word_1_57' title='bbox 1020 1394 1175 1483; x_wconf 88' lang='lat' dir='ltr'>sequitur,</span> <span class='ocrx_word' id='word_1_58' title='bbox 1197 1408 1265 1483; x_wconf 88' lang='lat' dir='ltr'>quo</span> <span class='ocrx_word' id='word_1_59' title='bbox 1290 1394 1363 1459; x_wconf 90' lang='lat' dir='ltr'>loeo</span> 
     </span>
     <span class='ocr_line' id='line_1_8' title="bbox 312 1510 1365 1600; baseline -0.001 -22"><span class='ocrx_word' id='word_1_60' title='bbox 312 1513 418 1579; x_wconf 85' lang='lat' dir='ltr'>Varro</span> <span class='ocrx_word' id='word_1_61' title='bbox 434 1512 577 1600; x_wconf 88' lang='lat' dir='ltr'>Appium</span> <span class='ocrx_word' id='word_1_62' title='bbox 600 1511 735 1578; x_wconf 78' lang='lat' dir='ltr'>Clodiae</span> <span class='ocrx_word' id='word_1_63' title='bbox 755 1512 889 1577; x_wconf 80' lang='lat' dir='ltr'>fratrem</span> <span class='ocrx_word' id='word_1_64' title='bbox 912 1521 1099 1578; x_wconf 79' lang='lat' dir='ltr'>narrantem</span> <span class='ocrx_word' id='word_1_65' title='bbox 1119 1510 1197 1578; x_wconf 86' lang='lat' dir='ltr'>fecit</span> <span class='ocrx_word' id='word_1_66' title='bbox 1217 1532 1253 1577; x_wconf 90' lang='lat' dir='ltr'>se</span> <span class='ocrx_word' id='word_1_67' title='bbox 1271 1518 1365 1600; x_wconf 76' lang='lat' dir='ltr'>petre</span> 
     </span>
     <span class='ocr_line' id='line_1_9' title="bbox 312 1627 1364 1717; baseline -0.002 -22"><span class='ocrx_word' id='word_1_68' title='bbox 312 1642 440 1695; x_wconf 88' lang='lat' dir='ltr'>mortno</span> <span class='ocrx_word' id='word_1_69' title='bbox 483 1652 555 1694; x_wconf 90' lang='lat' dir='ltr'>cum</span> <span class='ocrx_word' id='word_1_70' title='bbox 595 1629 722 1695; x_wconf 89' lang='lat' dir='ltr'>duobus</span> <span class='ocrx_word' id='word_1_71' title='bbox 763 1629 919 1696; x_wconf 83' lang='lat' dir='ltr'>fratribus</span> <span class='ocrx_word' id='word_1_72' title='bbox 968 1628 1158 1717; x_wconf 86' lang='lat' dir='ltr'>duabusque</span> <span class='ocrx_word' id='word_1_73' title='bbox 1198 1627 1364 1695; x_wconf 79' lang='lat' dir='ltr'>sororibus</span> 
     </span>
     <span class='ocr_line' id='line_1_10' title="bbox 313 1743 1364 1833; baseline -0.003 -20"><span class='ocrx_word' id='word_1_74' title='bbox 313 1746 421 1828; x_wconf 83' lang='lat' dir='ltr'>(tertia</span> <span class='ocrx_word' id='word_1_75' title='bbox 441 1744 526 1811; x_wconf 89' lang='lat' dir='ltr'>enim</span> <span class='ocrx_word' id='word_1_76' title='bbox 546 1755 647 1810; x_wconf 89' lang='lat' dir='ltr'>tuma</span> <span class='ocrx_word' id='word_1_77' title='bbox 666 1744 707 1825; x_wconf 82' lang='lat' dir='ltr'>Q.</span> <span class='ocrx_word' id='word_1_78' title='bbox 733 1743 855 1810; x_wconf 88' lang='lat' dir='ltr'>Marcio</span> <span class='ocrx_word' id='word_1_79' title='bbox 869 1744 962 1833; x_wconf 83' lang='lat' dir='ltr'>Rege</span> <span class='ocrx_word' id='word_1_80' title='bbox 981 1745 1046 1810; x_wconf 89' lang='lat' dir='ltr'>iam</span> <span class='ocrx_word' id='word_1_81' title='bbox 1066 1744 1099 1811; x_wconf 92' lang='lat' dir='ltr'>in</span> <span class='ocrx_word' id='word_1_82' title='bbox 1121 1745 1364 1812; x_wconf 71' lang='lat' dir='ltr'><strong>matrimonium</strong></span> 
     </span>
     <span class='ocr_line' id='line_1_11' title="bbox 312 1861 1361 1950; baseline -0.002 -20"><span class='ocrx_word' id='word_1_83' title='bbox 312 1864 408 1931; x_wconf 87' lang='lat' dir='ltr'>ducta</span> <span class='ocrx_word' id='word_1_84' title='bbox 431 1863 514 1946; x_wconf 85' lang='lat' dir='ltr'>erat)</span> <span class='ocrx_word' id='word_1_85' title='bbox 542 1884 715 1950; x_wconf 78' lang='lat' dir='ltr'><strong>pauperem</strong></span> <span class='ocrx_word' id='word_1_86' title='bbox 737 1861 823 1927; x_wconf 91' lang='lat' dir='ltr'>domi</span> <span class='ocrx_word' id='word_1_87' title='bbox 845 1884 922 1927; x_wconf 90' lang='lat' dir='ltr'>suae</span> <span class='ocrx_word' id='word_1_88' title='bbox 953 1862 1101 1927; x_wconf 90' lang='lat' dir='ltr'>relictum</span> <span class='ocrx_word' id='word_1_89' title='bbox 1129 1862 1241 1928; x_wconf 82' lang='lat' dir='ltr'>fuisse.</span> <span class='ocrx_word' id='word_1_90' title='bbox 1285 1884 1361 1928; x_wconf 88' lang='lat' dir='ltr'>oum</span> 
     </span>
     <span class='ocr_line' id='line_1_12' title="bbox 314 1978 1363 2073; baseline -0.002 -27"><span class='ocrx_word' id='word_1_91' title='bbox 314 1982 399 2046; x_wconf 90' lang='lat' dir='ltr'>enim</span> <span class='ocrx_word' id='word_1_92' title='bbox 412 1979 513 2067; x_wconf 87' lang='lat' dir='ltr'>Appii</span> <span class='ocrx_word' id='word_1_93' title='bbox 527 1979 629 2067; x_wconf 87' lang='lat' dir='ltr'>patris</span> <span class='ocrx_word' id='word_1_94' title='bbox 649 2002 735 2045; x_wconf 92' lang='lat' dir='ltr'>mors</span> <span class='ocrx_word' id='word_1_95' title='bbox 756 1979 789 2044; x_wconf 95' lang='lat' dir='ltr'>in</span> <span class='ocrx_word' id='word_1_96' title='bbox 812 2001 932 2045; x_wconf 91' lang='lat' dir='ltr'>annum</span> <span class='ocrx_word' id='word_1_97' title='bbox 947 1978 1363 2073; x_wconf 76' lang='grc'><strong>1666678176166166611*),</strong></span> 
     </span>
     <span class='ocr_line' id='line_1_13' title="bbox 312 2095 1364 2183; baseline -0.001 -20"><span class='ocrx_word' id='word_1_98' title='bbox 312 2096 562 2181; x_wconf 78' lang='grc'><strong>(61.1)6666661</strong></span> <span class='ocrx_word' id='word_1_99' title='bbox 577 2096 756 2163; x_wconf 77' lang='grc'><strong>11611166.</strong></span> <span class='ocrx_word' id='word_1_100' title='bbox 768 2119 787 2161; x_wconf 89' lang='grc' dir='ltr'>ιι</span> <span class='ocrx_word' id='word_1_101' title='bbox 805 2096 892 2181; x_wconf 82' lang='grc'><strong>185),</strong></span> <span class='ocrx_word' id='word_1_102' title='bbox 907 2106 981 2183; x_wconf 89' lang='lat' dir='ltr'>post</span> <span class='ocrx_word' id='word_1_103' title='bbox 995 2096 1081 2162; x_wconf 90' lang='lat' dir='ltr'>hunc</span> <span class='ocrx_word' id='word_1_104' title='bbox 1095 2095 1227 2162; x_wconf 92' lang='lat' dir='ltr'>demum</span> <span class='ocrx_word' id='word_1_105' title='bbox 1242 2115 1364 2162; x_wconf 82' lang='lat' dir='ltr'>annum</span> 
     </span>
     <span class='ocr_line' id='line_1_14' title="bbox 312 2213 1365 2301; baseline -0.003 -19"><span class='ocrx_word' id='word_1_106' title='bbox 312 2213 460 2283; x_wconf 80' lang='lat' dir='ltr'>Clodiam</span> <span class='ocrx_word' id='word_1_107' title='bbox 483 2213 633 2280; x_wconf 82' lang='lat' dir='ltr'>Metellus</span> <span class='ocrx_word' id='word_1_108' title='bbox 663 2216 694 2280; x_wconf 97' lang='lat' dir='ltr'>in</span> <span class='ocrx_word' id='word_1_109' title='bbox 716 2215 956 2280; x_wconf 82' lang='lat' dir='ltr'>matrimonium</span> <span class='ocrx_word' id='word_1_110' title='bbox 981 2214 1111 2281; x_wconf 84' lang='lat' dir='ltr'>duxisse</span> <span class='ocrx_word' id='word_1_111' title='bbox 1131 2221 1253 2301; x_wconf 86' lang='lat' dir='ltr'>potest.</span> <span class='ocrx_word' id='word_1_112' title='bbox 1290 2236 1365 2280; x_wconf 91' lang='lat' dir='ltr'>con·</span> 
     </span>
     <span class='ocr_line' id='line_1_15' title="bbox 311 2328 1363 2414; baseline 0.001 -18"><span class='ocrx_word' id='word_1_113' title='bbox 311 2342 466 2396; x_wconf 85' lang='lat' dir='ltr'>troanno</span> <span class='ocrx_word' id='word_1_114' title='bbox 488 2330 605 2408; x_wconf 91' lang='grc'><strong>691163</strong></span> <span class='ocrx_word' id='word_1_115' title='bbox 627 2330 741 2397; x_wconf 89' lang='grc'><strong>016616</strong></span> <span class='ocrx_word' id='word_1_116' title='bbox 756 2332 819 2397; x_wconf 92' lang='lat' dir='ltr'>iam</span> <span class='ocrx_word' id='word_1_117' title='bbox 834 2331 958 2399; x_wconf 87' lang='lat' dir='ltr'>Metelli</span> <span class='ocrx_word' id='word_1_118' title='bbox 981 2328 1301 2414; x_wconf 68' lang='grc'><strong>6661161161016.</strong></span> <span class='ocrx_word' id='word_1_119' title='bbox 1323 2330 1363 2397; x_wconf 87' lang='lat' dir='ltr'>ad</span> 
     </span>
     <span class='ocr_line' id='line_1_16' title="bbox 311 2447 522 2513; baseline -0.005 0"><span class='ocrx_word' id='word_1_120' title='bbox 311 2449 386 2513; x_wconf 84' lang='lat' dir='ltr'>lam.</span> <span class='ocrx_word' id='word_1_121' title='bbox 408 2470 430 2510; x_wconf 85' lang='lat' dir='ltr'>v</span> <span class='ocrx_word' id='word_1_122' title='bbox 451 2447 472 2510; x_wconf 80' lang='lat'><strong>2</strong></span> <span class='ocrx_word' id='word_1_123' title='bbox 493 2448 522 2512; x_wconf 87' lang='grc'>6.</span> 
     </span>
    </p>

    <p class='ocr_par' dir='ltr' id='par_1_3' title="bbox 310 2563 1364 3003">
     <span class='ocr_line' id='line_1_17' title="bbox 394 2563 1361 2654; baseline 0.002 -25"><span class='ocrx_word' id='word_1_124' title='bbox 394 2563 435 2645; x_wconf 79' lang='lat' dir='ltr'>Q.</span> <span class='ocrx_word' id='word_1_125' title='bbox 458 2563 610 2630; x_wconf 86' lang='lat' dir='ltr'>Metellus</span> <span class='ocrx_word' id='word_1_126' title='bbox 632 2563 737 2642; x_wconf 92' lang='lat' dir='ltr'>Celer,</span> <span class='ocrx_word' id='word_1_127' title='bbox 763 2566 814 2631; x_wconf 90' lang='lat' dir='ltr'>uir</span> <span class='ocrx_word' id='word_1_128' title='bbox 835 2565 1044 2654; x_wconf 82' lang='lat' dir='ltr'>grauissimus</span> <span class='ocrx_word' id='word_1_129' title='bbox 1067 2573 1100 2631; x_wconf 88' lang='lat' dir='ltr'>et</span> <span class='ocrx_word' id='word_1_130' title='bbox 1119 2563 1361 2653; x_wconf 78' lang='lat' dir='ltr'>integerrimus,</span> 
     </span>
     <span class='ocr_line' id='line_1_18' title="bbox 311 2682 1362 2771; baseline 0 -23"><span class='ocrx_word' id='word_1_131' title='bbox 311 2705 352 2748; x_wconf 82' lang='lat' dir='ltr'>ex</span> <span class='ocrx_word' id='word_1_132' title='bbox 373 2682 576 2748; x_wconf 90' lang='lat' dir='ltr'>matrimonio</span> <span class='ocrx_word' id='word_1_133' title='bbox 604 2683 692 2769; x_wconf 90' lang='lat' dir='ltr'>quod</span> <span class='ocrx_word' id='word_1_134' title='bbox 714 2705 788 2749; x_wconf 90' lang='lat' dir='ltr'>cum</span> <span class='ocrx_word' id='word_1_135' title='bbox 810 2683 926 2752; x_wconf 87' lang='lat' dir='ltr'>Clodia</span> <span class='ocrx_word' id='word_1_136' title='bbox 954 2684 1071 2750; x_wconf 87' lang='lat' dir='ltr'>inierat</span> <span class='ocrx_word' id='word_1_137' title='bbox 1101 2704 1216 2770; x_wconf 84' lang='lat' dir='ltr'>perum</span> <span class='ocrx_word' id='word_1_138' title='bbox 1250 2682 1362 2771; x_wconf 86' lang='lat' dir='ltr'>uolnp</span> 
     </span>
     <span class='ocr_line' id='line_1_19' title="bbox 310 2797 1363 2887; baseline 0.001 -24"><span class='ocrx_word' id='word_1_139' title='bbox 310 2797 385 2864; x_wconf 87' lang='lat' dir='ltr'>tatis</span> <span class='ocrx_word' id='word_1_140' title='bbox 406 2797 613 2885; x_wconf 80' lang='lat' dir='ltr'>percipiebat,</span> <span class='ocrx_word' id='word_1_141' title='bbox 635 2822 707 2866; x_wconf 88' lang='lat' dir='ltr'>cum</span> <span class='ocrx_word' id='word_1_142' title='bbox 729 2822 814 2865; x_wconf 84' lang='lat' dir='ltr'>uxor</span> <span class='ocrx_word' id='word_1_143' title='bbox 827 2801 980 2887; x_wconf 89' lang='lat' dir='ltr'>pietatem</span> <span class='ocrx_word' id='word_1_144' title='bbox 1002 2802 1117 2866; x_wconf 88' lang='lat' dir='ltr'>marito</span> <span class='ocrx_word' id='word_1_145' title='bbox 1131 2800 1363 2886; x_wconf 86' lang='lat' dir='ltr'>praestandam</span> 
     </span>
     <span class='ocr_line' id='line_1_20' title="bbox 311 2913 1364 3003; baseline 0.003 -23"><span class='ocrx_word' id='word_1_146' title='bbox 311 2925 344 2980; x_wconf 92' lang='lat' dir='ltr'>et</span> <span class='ocrx_word' id='word_1_147' title='bbox 366 2913 550 3002; x_wconf 83' lang='lat' dir='ltr'>saepissime</span> <span class='ocrx_word' id='word_1_148' title='bbox 579 2927 611 2980; x_wconf 91' lang='lat' dir='ltr'>et</span> <span class='ocrx_word' id='word_1_149' title='bbox 637 2915 851 3003; x_wconf 81' lang='lat' dir='ltr'>perfidissimo</span> <span class='ocrx_word' id='word_1_150' title='bbox 876 2916 1021 2982; x_wconf 87' lang='lat' dir='ltr'>uiolaret</span> <span class='ocrx_word' id='word_1_151' title='bbox 1064 2917 1155 2982; x_wconf 88' lang='lat' dir='ltr'>cuius</span> <span class='ocrx_word' id='word_1_152' title='bbox 1176 2916 1224 2981; x_wconf 87' lang='lat' dir='ltr'>rei</span> <span class='ocrx_word' id='word_1_153' title='bbox 1246 2938 1364 2983; x_wconf 88' lang='lat' dir='ltr'>caussa</span> 
     </span>
    </p>
   </div>
   <div class='ocr_carea' id='block_1_3' title="bbox 308 3025 1363 3707">
    <p class='ocr_par' dir='ltr' id='par_1_4' title="bbox 308 3025 1363 3707">
     <span class='ocr_line' id='line_1_21' title="bbox 310 3025 1363 3119; baseline 0.005 -23"><span class='ocrx_word' id='word_1_154' title='bbox 310 3032 461 3119; x_wconf 86' lang='lat' dir='ltr'>primaria</span> <span class='ocrx_word' id='word_1_155' title='bbox 489 3053 684 3119; x_wconf 89' lang='lat' dir='ltr'>quamquam</span> <span class='ocrx_word' id='word_1_156' title='bbox 712 3033 781 3098; x_wconf 90' lang='lat' dir='ltr'>sine</span> <span class='ocrx_word' id='word_1_157' title='bbox 810 3025 907 3100; x_wconf 91' lang='lat' dir='ltr'>dubio</span> <span class='ocrx_word' id='word_1_158' title='bbox 939 3033 973 3097; x_wconf 93' lang='lat' dir='ltr'>in</span> <span class='ocrx_word' id='word_1_159' title='bbox 1003 3033 1137 3100; x_wconf 78' lang='lat' dir='ltr'>Clodiae</span> <span class='ocrx_word' id='word_1_160' title='bbox 1162 3032 1263 3099; x_wconf 86' lang='lat' dir='ltr'>animi</span> <span class='ocrx_word' id='word_1_161' title='bbox 1285 3033 1363 3101; x_wconf 89' lang='lat' dir='ltr'>leui·</span> 
     </span>
     <span class='ocr_line' id='line_1_22' title="bbox 310 3149 1363 3238; baseline 0.003 -23"><span class='ocrx_word' id='word_1_162' title='bbox 310 3160 375 3215; x_wconf 88' lang='lat' dir='ltr'>tate</span> <span class='ocrx_word' id='word_1_163' title='bbox 409 3158 441 3213; x_wconf 90' lang='lat' dir='ltr'>et</span> <span class='ocrx_word' id='word_1_164' title='bbox 471 3170 597 3215; x_wconf 89' lang='lat' dir='ltr'>morum</span> <span class='ocrx_word' id='word_1_165' title='bbox 628 3149 789 3236; x_wconf 88' lang='lat' dir='ltr'>prauitate</span> <span class='ocrx_word' id='word_1_166' title='bbox 821 3157 854 3216; x_wconf 90' lang='lat' dir='ltr'>et</span> <span class='ocrx_word' id='word_1_167' title='bbox 882 3150 1063 3216; x_wconf 84' lang='lat' dir='ltr'>incredibili</span> <span class='ocrx_word' id='word_1_168' title='bbox 1092 3150 1226 3217; x_wconf 88' lang='lat' dir='ltr'>libidine</span> <span class='ocrx_word' id='word_1_169' title='bbox 1255 3150 1363 3238; x_wconf 85' lang='lat' dir='ltr'>posita</span> 
     </span>
     <span class='ocr_line' id='line_1_23' title="bbox 311 3265 1362 3355; baseline 0.001 -22"><span class='ocrx_word' id='word_1_170' title='bbox 311 3276 394 3348; x_wconf 85' lang='lat' dir='ltr'>erat,</span> <span class='ocrx_word' id='word_1_171' title='bbox 425 3276 533 3331; x_wconf 85' lang='lat' dir='ltr'>tamen</span> <span class='ocrx_word' id='word_1_172' title='bbox 566 3267 675 3332; x_wconf 90' lang='lat' dir='ltr'>nescio</span> <span class='ocrx_word' id='word_1_173' title='bbox 706 3290 746 3332; x_wconf 87' lang='lat' dir='ltr'>an</span> <span class='ocrx_word' id='word_1_174' title='bbox 776 3265 819 3333; x_wconf 89' lang='lat' dir='ltr'>ad</span> <span class='ocrx_word' id='word_1_175' title='bbox 838 3266 925 3334; x_wconf 90' lang='lat' dir='ltr'>illius</span> <span class='ocrx_word' id='word_1_176' title='bbox 947 3267 1090 3355; x_wconf 83' lang='lat' dir='ltr'>coniugii</span> <span class='ocrx_word' id='word_1_177' title='bbox 1118 3266 1284 3333; x_wconf 82' lang='lat' dir='ltr'>molestius</span> <span class='ocrx_word' id='word_1_178' title='bbox 1307 3268 1362 3334; x_wconf 87' lang='lat' dir='ltr'>eli·</span> 
     </span>
     <span class='ocr_line' id='line_1_24' title="bbox 310 3383 1362 3472; baseline 0.006 -23"><span class='ocrx_word' id='word_1_179' title='bbox 310 3386 400 3451; x_wconf 93' lang='lat' dir='ltr'>cuius</span> <span class='ocrx_word' id='word_1_180' title='bbox 450 3385 605 3449; x_wconf 90' lang='lat' dir='ltr'>momenti</span> <span class='ocrx_word' id='word_1_181' title='bbox 659 3383 757 3448; x_wconf 84' lang='lat' dir='ltr'>fuerit</span> <span class='ocrx_word' id='word_1_182' title='bbox 804 3386 955 3470; x_wconf 78' lang='lat' dir='ltr'>cognatio</span> <span class='ocrx_word' id='word_1_183' title='bbox 1007 3407 1072 3472; x_wconf 90' lang='lat' dir='ltr'>qua</span> <span class='ocrx_word' id='word_1_184' title='bbox 1123 3384 1238 3452; x_wconf 89' lang='lat' dir='ltr'>Clodia</span> <span class='ocrx_word' id='word_1_185' title='bbox 1286 3411 1362 3455; x_wconf 92' lang='lat' dir='ltr'>cum</span> 
     </span>
     <span class='ocr_line' id='line_1_25' title="bbox 309 3499 1360 3590; baseline 0.004 -23"><span class='ocrx_word' id='word_1_186' title='bbox 309 3504 424 3570; x_wconf 89' lang='lat' dir='ltr'>marito</span> <span class='ocrx_word' id='word_1_187' title='bbox 453 3503 625 3567; x_wconf 87' lang='lat' dir='ltr'>coniuncta</span> <span class='ocrx_word' id='word_1_188' title='bbox 646 3500 707 3564; x_wconf 84' lang='lat' dir='ltr'>fuit</span> <span class='ocrx_word' id='word_1_189' title='bbox 740 3499 888 3581; x_wconf 91' lang='lat' dir='ltr'>(Clodiae</span> <span class='ocrx_word' id='word_1_190' title='bbox 910 3502 996 3567; x_wconf 90' lang='lat' dir='ltr'>enim</span> <span class='ocrx_word' id='word_1_191' title='bbox 1017 3512 1175 3567; x_wconf 85' lang='lat' dir='ltr'>meteret</span> <span class='ocrx_word' id='word_1_192' title='bbox 1195 3515 1289 3590; x_wconf 84' lang='lat' dir='ltr'>pater</span> <span class='ocrx_word' id='word_1_193' title='bbox 1319 3504 1360 3587; x_wconf 76' lang='lat' dir='ltr'>Q.</span> 
     </span>
     <span class='ocr_line' id='line_1_26' title="bbox 308 3597 1360 3707; baseline 0.005 -24"><span class='ocrx_word' id='word_1_194' title='bbox 308 3597 431 3684; x_wconf 86' lang='lat' dir='ltr'>Metelli</span> <span class='ocrx_word' id='word_1_195' title='bbox 454 3617 584 3684; x_wconf 91' lang='lat' dir='ltr'>eosdem</span> <span class='ocrx_word' id='word_1_196' title='bbox 606 3617 768 3683; x_wconf 86' lang='lat' dir='ltr'>habebant</span> <span class='ocrx_word' id='word_1_197' title='bbox 789 3619 972 3703; x_wconf 83' lang='lat' dir='ltr'>parentes),</span> <span class='ocrx_word' id='word_1_198' title='bbox 1002 3628 1039 3685; x_wconf 90' lang='lat' dir='ltr'>ut</span> <span class='ocrx_word' id='word_1_199' title='bbox 1059 3630 1136 3707; x_wconf 89' lang='lat' dir='ltr'>pote</span> <span class='ocrx_word' id='word_1_200' title='bbox 1157 3643 1230 3686; x_wconf 91' lang='lat' dir='ltr'>cum</span> <span class='ocrx_word' id='word_1_201' title='bbox 1251 3622 1360 3688; x_wconf 86' lang='lat' dir='ltr'>matri·</span> 
     </span>
    </p>
   </div>
   <div class='ocr_carea' id='block_1_4' title="bbox 311 3860 559 3870">
    <p class='ocr_par' dir='ltr' id='par_1_5' title="bbox 311 3860 559 3870">
     <span class='ocr_line' id='line_1_27' title="bbox 311 3860 559 3870; baseline -0.008 0"><span class='ocrx_word' id='word_1_202' title='bbox 311 3860 559 3870; x_wconf 78' lang='lat'>-.—---—-—--</span> 
     </span>
    </p>
   </div>
   <div class='ocr_carea' id='block_1_5' title="bbox 307 4028 1360 4287">
    <p class='ocr_par' dir='ltr' id='par_1_6' title="bbox 307 4028 1360 4287">
     <span class='ocr_line' id='line_1_28' title="bbox 376 4028 1360 4099; baseline 0.003 -17"><span class='ocrx_word' id='word_1_203' title='bbox 376 4030 403 4099; x_wconf 67' lang='lat'>⁸)</span> <span class='ocrx_word' id='word_1_204' title='bbox 422 4031 457 4082; x_wconf 89' lang='lat' dir='ltr'>Vt</span> <span class='ocrx_word' id='word_1_205' title='bbox 473 4028 643 4094; x_wconf 77' lang='lat' dir='ltr'>intellegetur</span> <span class='ocrx_word' id='word_1_206' title='bbox 661 4045 741 4096; x_wconf 89' lang='lat' dir='ltr'>quam</span> <span class='ocrx_word' id='word_1_207' title='bbox 758 4029 826 4083; x_wconf 91' lang='lat' dir='ltr'>bene</span> <span class='ocrx_word' id='word_1_208' title='bbox 845 4045 914 4096; x_wconf 84' lang='lat' dir='ltr'>quae</span> <span class='ocrx_word' id='word_1_209' title='bbox 931 4030 963 4082; x_wconf 87' lang='grc'>66</span> <span class='ocrx_word' id='word_1_210' title='bbox 980 4032 1012 4083; x_wconf 88' lang='lat' dir='ltr'>P.</span> <span class='ocrx_word' id='word_1_211' title='bbox 1028 4030 1116 4083; x_wconf 84' lang='grc'><strong>016611</strong></span> <span class='ocrx_word' id='word_1_212' title='bbox 1134 4047 1204 4084; x_wconf 86' lang='lat' dir='ltr'>anno</span> <span class='ocrx_word' id='word_1_213' title='bbox 1222 4032 1309 4084; x_wconf 76' lang='lat' dir='ltr'>natali</span> <span class='ocrx_word' id='word_1_214' title='bbox 1326 4030 1360 4086; x_wconf 84' lang='lat' dir='ltr'>ad</span> 
     </span>
     <span class='ocr_line' id='line_1_29' title="bbox 308 4122 1360 4194; baseline 0.005 -18"><span class='ocrx_word' id='word_1_215' title='bbox 308 4126 365 4176; x_wconf 84' lang='lat' dir='ltr'>eius</span> <span class='ocrx_word' id='word_1_216' title='bbox 392 4122 534 4192; x_wconf 85' lang='lat' dir='ltr'>petitiones</span> <span class='ocrx_word' id='word_1_217' title='bbox 560 4123 704 4190; x_wconf 76' lang='lat' dir='ltr'>respiciens</span> <span class='ocrx_word' id='word_1_218' title='bbox 728 4125 809 4176; x_wconf 83' lang='lat' dir='ltr'>docui</span> <span class='ocrx_word' id='word_1_219' title='bbox 836 4139 897 4177; x_wconf 87' lang='lat' dir='ltr'>eum</span> <span class='ocrx_word' id='word_1_220' title='bbox 913 4131 1031 4193; x_wconf 87' lang='lat' dir='ltr'>tempore</span> <span class='ocrx_word' id='word_1_221' title='bbox 1047 4128 1140 4178; x_wconf 86' lang='lat' dir='ltr'>mortis</span> <span class='ocrx_word' id='word_1_222' title='bbox 1156 4127 1235 4194; x_wconf 81' lang='lat' dir='ltr'>Appii</span> <span class='ocrx_word' id='word_1_223' title='bbox 1253 4127 1360 4181; x_wconf 78' lang='lat' dir='ltr'>Claudii</span> 
     </span>
     <span class='ocr_line' id='line_1_30' title="bbox 307 4217 1109 4287; baseline -0.001 -16"><span class='ocrx_word' id='word_1_224' title='bbox 307 4218 389 4287; x_wconf 82' lang='lat' dir='ltr'>patris</span> <span class='ocrx_word' id='word_1_225' title='bbox 408 4218 568 4285; x_wconf 83' lang='lat' dir='ltr'>conspirent,</span> <span class='ocrx_word' id='word_1_226' title='bbox 586 4217 738 4272; x_wconf 79' lang='lat' dir='ltr'>conteratur</span> <span class='ocrx_word' id='word_1_227' title='bbox 754 4219 787 4270; x_wconf 90' lang='grc'>66</span> <span class='ocrx_word' id='word_1_228' title='bbox 804 4219 911 4286; x_wconf 85' lang='lat' dir='ltr'>harusp.</span> <span class='ocrx_word' id='word_1_229' title='bbox 929 4235 995 4287; x_wconf 88' lang='lat' dir='ltr'>resp.</span> <span class='ocrx_word' id='word_1_230' title='bbox 1016 4222 1049 4272; x_wconf 79' lang='grc'>10</span> <span class='ocrx_word' id='word_1_231' title='bbox 1067 4223 1109 4274; x_wconf 78' lang='grc'>11.</span> 
     </span>
    </p>
   </div>
   <div class='ocr_carea' id='block_1_6' title="bbox 0 0 1676 5200">
    <p class='ocr_par' dir='ltr' id='par_1_7' title="bbox 0 0 1676 5200">
     <span class='ocr_line' id='line_1_31' title="bbox 0 0 1676 5200; baseline 0 2"><span class='ocrx_word' id='word_1_232' title='bbox 0 0 1676 5200; x_wconf 95' lang='lat' dir='ltr'> </span> 
     </span>
    </p>
   </div>
  </div>
 </body>
</html>
