3342 5200
439 652 488 700 194
636 647 714 698 vnn
748 647 795 697 DE
813 645 973 697 CAESARE
991 646 1037 696 ΕΤ
1055 644 1284 697 causariam

435 814 629 898 adloquitur,
652 814 711 878 etsi
734 813 870 877 alterum
892 835 933 876 ne
955 812 1055 877 uerbo
1078 811 1208 897 quidem
1222 820 1322 877 antea
1336 811 1481 899 designa·

433 935 490 998 uit.
529 939 727 1020 quapropter
750 929 842 994 facile
857 928 1017 1014 inteliegis
1033 928 1168 994 uoculae
1188 942 1311 994 uernae
1332 930 1367 995 in
1389 952 1482 995 versu

433 1050 529 1115 tertio
552 1049 674 1114 decimo
696 1048 801 1113 inesse
822 1047 986 1134 propriam
1003 1045 1268 1132 significationem
1290 1068 1399 1133 neque
1414 1070 1481 1111 eam

434 1168 498 1232 uim
528 1167 567 1232 de
601 1189 665 1254 qua
692 1187 789 1252 supra
817 1188 848 1251 p.
875 1166 933 1229 155
962 1185 1066 1250 pauca
1097 1163 1331 1229 adnotabamus
1362 1164 1483 1230 habere

433 1306 539 1373 posse.
587 1284 637 1348 his
670 1282 766 1347 rebus
799 1281 947 1347 omnibus
979 1280 1124 1367 cogimur
1157 1291 1193 1346 ut
1227 1292 1260 1347 et
1290 1281 1481 1369 Pompeium

433 1402 567 1489 perinde
589 1410 685 1488 atque
708 1398 880 1465 Caesarem
907 1398 940 1463 in
968 1397 1127 1484 prioribus
1154 1398 1217 1462 iam
1239 1398 1392 1463 carminis
1415 1420 1483 1463 uer-

435 1518 521 1584 sibus
558 1541 577 1582 a
610 1516 739 1584 Catullo
773 1517 974 1581 nominatum
1010 1538 1080 1580 esse
1116 1524 1295 1580 statuamus
1330 1523 1365 1579 et
1401 1516 1482 1580 hanc

434 1634 570 1722 Pompei
586 1636 778 1698 mentionem
798 1641 873 1697 ante
892 1654 1021 1697 uersum
1036 1633 1167 1696 tertium
1183 1629 1344 1696 decimum
1362 1632 1482 1697 factam

434 1774 520 1833 esse,
550 1760 586 1815 ut
612 1760 688 1838 pote
718 1751 750 1815 in
779 1773 843 1838 quo
866 1749 906 1815 ad
927 1750 1014 1815 illam
1037 1758 1133 1835 poeta
1154 1758 1267 1835 aperte
1289 1751 1481 1836 respexerit

432 1869 496 1933 iam
530 1870 555 1933 si
593 1868 792 1954 reputauaris
825 1890 940 1932 uersus
975 1866 1180 1932 undecimum
1218 1874 1250 1930 et
1288 1865 1482 1951 uigesimnm

434 1985 564 2050 tertium
585 1986 626 2050 ab
647 1985 768 2050 eisdem
790 1985 957 2050 uocabulis
980 2007 1052 2049 eoae
1073 1986 1196 2050 nomine
1216 1983 1376 2071 incipere,
1406 2007 1484 2050 num

434 2103 581 2168 dubitare
599 2103 719 2189 poteris
735 2124 866 2168 censere
888 2101 967 2167 illud
990 2102 1092 2189 ipsum
1114 2124 1266 2167 uersuum
1286 2102 1406 2166 horum
1428 2102 1483 2167 ini-

433 2222 514 2286 tium
537 2242 597 2305 par
617 2242 756 2284 errorem
780 2220 905 2285 scribae
927 2219 1096 2306 archetypi
1118 2217 1306 2283 creauisse‘?
1331 2219 1389 2307 qui
1411 2242 1482 2285 cum

434 2358 561 2402 uersum
590 2337 748 2402 decimum
783 2347 993 2414 exarauerat‚
1030 2335 1138 2402 oeulos
1166 2359 1186 2401 a
1213 2357 1309 2400 uersu
1343 2336 1483 2423 exempli

434 2454 483 2519 sui
511 2453 675 2540 sequenti,
709 2455 764 2542 qui
785 2454 885 2540 uulgo
909 2453 1082 2540 trigesimus
1103 2452 1217 2519 tertius
1240 2462 1306 2535 est,
1340 2452 1381 2518 ad
1411 2476 1482 2518 eum

434 2573 489 2660 qui
511 2572 551 2636 ab
575 2572 635 2636 hoc
655 2571 770 2637 tertius
792 2581 862 2638 erat
883 2574 1033 2638 aberrare
1057 2570 1141 2637 sinit.
1185 2592 1249 2660 qno
1272 2591 1384 2636 errore
1407 2592 1482 2658 cog·

434 2689 503 2754 nito
525 2689 630 2754 scriba
652 2711 765 2754 uersus
791 2689 885 2754 binos
912 2689 983 2755 illos
1006 2690 1095 2776 prius
1118 2690 1252 2754 omissos
1273 2689 1306 2752 in
1330 2687 1396 2754 fine
1418 2710 1482 2754 car·

434 2805 527 2871 minis
542 2806 664 2872 addidit
679 2807 770 2894 signo
786 2807 928 2893 quodam
947 2829 1060 2873 uerum
1080 2828 1192 2871 eorum
1207 2807 1312 2871 locum
1327 2806 1480 2874 indicans

436 2922 487 2988 cui
507 2924 743 2990 ratiocinationi
766 2923 941 2989 oboediens
962 2925 989 2988 si
1011 2945 1124 2988 uersus
1148 2921 1354 3011 disposuisti,
1380 2925 1481 2989 oratio

437 3041 586 3104 carminis
614 3052 702 3105 reete
729 3040 883 3128 procedit.
925 3040 990 3104 iam
1011 3040 1146 3127 Pompei
1167 3040 1284 3105 indicia
1311 3050 1349 3106 ut
1374 3040 1422 3106 ita
1442 3040 1482 3106 di·

436 3180 506 3222 cam
533 3157 586 3222 illa
615 3159 736 3224 habent
764 3181 828 3246 quo
858 3159 1053 3239 referantur,
1082 3158 1146 3221 iarn
1169 3155 1317 3243 repetitio
1341 3158 1482 3244 egregia,

435 3297 518 3362 quae
541 3276 765 3360 gradationem
787 3297 917 3362 quoque
938 3275 1137 3361 aptissimam
1160 3274 1321 3355 eontinet,
1350 3275 1482 3340 carmini

436 3391 623 3472 restituitur,
645 3393 710 3457 iam
731 3391 870 3479 denique
892 3414 1021 3456 carmen
1044 3401 1222 3457 extremum
1243 3391 1285 3457 ab
1305 3390 1482 3478 adpendioe

435 3509 545 3596 inepta
575 3509 739 3573 liberatur.
783 3508 865 3573 illius
896 3531 972 3575 uero
1004 3509 1281 3575 transmutationis
1313 3508 1483 3596 probabili·

435 3636 485 3689 tas
516 3647 553 3688 eo
587 3648 683 3713 quam
712 3627 852 3691 maxime
885 3637 1023 3712 augetur
1056 3626 1142 3714 quod
1176 3623 1299 3691 scribae
1329 3624 1482 3692 librorum

437 3740 693 3807 Catullianorum
720 3743 753 3807 in
786 3743 954 3823 uersibus,
986 3765 1122 3830 quorum
1156 3767 1227 3808 cum
1260 3743 1418 3829 proximis
1450 3745 1481 3808 in

437 3856 548 3944 primis
582 3858 616 3922 in
650 3858 741 3923 initio
777 3868 834 3924 aut
868 3860 901 3924 in
942 3859 1006 3924 fine
1041 3859 1215 3925 similitudo
1232 3937 1237 3946 ²
1252 3860 1361 3948 aliqua
1404 3870 1481 3942 erat,

436 3975 639 4039 conlocandis
662 3985 693 4040 et
714 3976 892 4041 scribendis
912 3998 1011 4064 saepe
1024 3987 1252 4064 peccauerunt.
1294 4000 1393 4064 quam
1414 4000 1480 4044 rem

436 4091 593 4178 exemplis
614 4113 677 4156 non
700 4092 796 4157 nullis
816 4093 1031 4159 inlustremus.
1073 4095 1209 4181 primum
1240 4095 1342 4180 igitur
1369 4118 1479 4162 uersus

436 4218 567 4295 propter
588 4207 825 4275 similitudinem
841 4210 910 4275 siue
925 4210 1185 4298 praecedentium
1201 4212 1270 4277 siue
1285 4216 1477 4301 subsequen·
