3342 5200
383 629 433 678 tto
737 621 816 674 XIIII
849 621 898 680 DE
916 619 1068 676 <tommo

383 811 513 858 oarmsn
541 806 615 854 cvm
643 785 818 876 scripsisse.
859 797 894 854 at
914 796 1005 854 estne
1024 785 1135 874 aliquo
1159 805 1202 853 ex
1222 808 1339 852 oansss
1358 809 1432 874 pro

384 907 492 976 babile
524 905 566 973 G.
587 904 774 973 Cornelium
803 904 859 989 (of.
883 905 1066 972 Drnmanni
1092 903 1167 970 hist.
1194 903 1288 970 Rom.
1307 926 1330 969 u
1352 904 1432 988 611)

385 1023 514 1093 Catullo
551 1022 690 1088 amioum
731 1018 862 1087 fuisse?
918 1021 998 1088 certi
1031 1019 1111 1088 nihil
1146 1021 1188 1086 de
1220 1021 1282 1086 hao
1316 1043 1352 1087 re
1385 1021 1435 1086 in·

384 1140 539 1229 uestigari
561 1149 678 1229 potest.
720 1137 778 1206 sed
799 1137 978 1206 sententiae
997 1160 1018 1203 a
1042 1137 1137 1205 nobie
1163 1138 1315 1204 defensae
1342 1147 1435 1204 aetas

385 1257 515 1346 quidem
555 1255 699 1325 Cornelii
734 1255 875 1322 obnoxia
916 1278 981 1322 non
1022 1265 1083 1322 eet
1142 1254 1198 1343 qni
1237 1275 1436 1344 quamquam

385 1385 536 1464 quaestor
557 1373 623 1441 Gn.
645 1370 780 1460 Pompei
801 1369 917 1460 Magni
944 1383 978 1440 et
997 1383 1111 1461 postea
1131 1395 1217 1439 anno
1239 1372 1355 1452 687167
1377 1373 1435 1439 tri·

384 1493 490 1560 bunos
519 1491 622 1580 plebis
651 1490 730 1574 luit,
758 1491 869 1580 itaque
896 1489 1061 1557 minimum
1089 1489 1245 1557 decennio
1267 1487 1435 1557 Catullum

384 1618 490 1676 aetate
511 1607 699 1690 antecessit,
725 1608 824 1674 nihilo
852 1617 961 1674 tamen
982 1609 1089 1675 minus
1110 1630 1183 1674 oum
1204 1606 1333 1674 Catullo
1356 1606 1436 1673 ami-

385 1727 463 1792 citia
490 1725 677 1792 ooninnotns
708 1746 779 1792 esse
807 1723 923 1812 potnit
975 1723 1082 1813 quid?
1111 1723 1200 1814 quod
1229 1725 1367 1790 fortasse
1392 1724 1435 1789 ad

285 1849 289 1858 “
386 1841 522 1909 eundem
543 1841 632 1908 illem
654 1841 696 1910 G.
711 1839 900 1909 Cornelium
914 1841 1062 1910 Catullus
1077 1863 1208 1908 carmon
1227 1860 1269 1908 cu
1293 1839 1334 1908 Hi
1349 1847 1435 1928 quio-
1556 1940 1562 1947 .
1589 1924 1590 1931 ἵ

384 1983 478 2047 qrenm
490 1965 580 2026 lenito
594 1960 791 2025 wmmasrom
811 1971 857 2024 est
864 1959 940 2044 fido
961 1958 1003 2024 ob
1022 1960 1122 2024 mnr'oo
1142 1959 1334 2048 scripserit:
1355 1981 1434 2025 nam

385 2075 519 2144 alterum
548 2073 735 2142 Cornelium
763 2075 879 2164 quiin
907 2076 990 2142 libro
1017 2073 1137 2143 (lstnlli
1163 2087 1435 2142 commemoratur

384 2195 562 2284 (Nepotem
586 2165 736 2278 dioiinns)
767 2193 802 2259 in
830 2194 971 2260 carmine
998 2211 1041 2260 cu
1069 2215 1135 2260 non
1161 2182 1257 2280 posse
1285 2215 1305 2257 a
1332 2203 1435 2280 poeta

383 2310 601 2400 significatum
631 2333 703 2378 esse
737 2309 802 2378 iam
832 2333 930 2398 supra
959 2334 990 2397 p.
1018 2310 1082 2376 296
1112 2310 1353 2377 adnotabamns.
1406 2310 1435 2375 si

385 2430 487 2517 igitur
518 2427 718 2524 coniecturav
734 2449 832 2515 quam
866 2428 1092 2516 proposuimus
1122 2428 1192 2494 ueri
1225 2426 1336 2492 similia
1372 2437 1433 2510 est,

384 2546 552 2615 Cominius
567 2566 652 2613 anno
666 2545 783 2624 689165
803 2545 868 2612 iam
884 2566 985 2612 senex
1005 2545 1104 2611 fuerit
1123 2565 1256 2613 neeesse
1278 2553 1336 2612 aet.
1379 2565 1434 2611 ne·

385 2687 448 2755 que
475 2664 531 2731 tali
559 2664 628 2730 eina
656 2662 755 2730 aetati
781 2685 821 2729 ea
847 2663 1054 2750 refragantur
1075 2686 1159 2753 qnae
1179 2663 1311 2729 aliunde
1333 2663 1373 2728 de
1393 2664 1433 2730 P.

384 2780 524 2849 Cominii
538 2790 644 2848 aetate
659 2781 834 2847 memoriae
847 2779 967 2847 tradita
981 2790 1066 2847 sunt.
1104 2780 1225 2848 etenim
1245 2779 1323 2845 dnm
1336 2780 1433 2847 modo

385 2920 548 2965 sumamus
562 2896 747 2967 Cominium
769 2897 811 2964 ad
829 2896 1010 2985 superiores
1023 2896 1146 2985 gradus
1168 2895 1343 2963 senectutis
1363 2919 1435 2985 per·

384 3016 520 3099 uenisse,
542 3016 651 3083 omnia
672 3015 750 3083 satie
770 3016 855 3081 bene
873 3016 1068 3104 conspirant.
1091 3014 1149 3108 IP.
1165 3014 1250 3086 enim
1265 3014 1436 3081 Cominius

383 3155 449 3201 non
471 3132 517 3198 ita
537 3132 592 3197 diu
613 3142 690 3200 ante
712 3155 831 3199 snnurn
855 3131 972 3210 708146
991 3142 1136 3199 mortuus
1157 3141 1207 3197 eat
1228 3132 1285 3216 (cf.
1305 3129 1435 3198 Oioero
1466 3175 1471 3179 -

383 3248 433 3317 nis
454 3249 547 3317 Bruti
568 3248 609 3315 78
629 3248 716 3334 271).
765 3250 819 3315 tao
850 3248 951 3336 igitur
980 3270 1066 3314 anno
1099 3248 1217 3327 689165
1248 3245 1436 3316 Cominium

384 3390 486 3435 annos
514 3366 684 3454 nonaginta
711 3378 823 3433 natum
851 3366 950 3433 fuisse
971 3365 1074 3455 (quod
1105 3365 1242 3449 siluit,
1271 3365 1385 3431 merito
1414 3388 1436 3430 a

385 3484 513 3554 Catullo
534 3506 635 3553 senex
662 3483 818 3571 adpellari
839 3483 979 3571 potuit),
1010 3504 1085 3550 enm
1114 3505 1217 3571 nequo
1244 3483 1285 3549 ad
1310 3504 1436 3548 annum

385 3600 454 3669 fere
483 3601 753 3690 septuagesimum
782 3601 932 3688 quintum
959 3600 1060 3667 uitam
1088 3598 1280 3687 produxisse
1306 3599 1435 3686 putabi-

384 3740 467 3785 mus.
510 3727 678 3807 praeterea
705 3718 909 3785 coniecturae
935 3726 1065 3785 nostres
1095 3738 1270 3783 consensus
1299 3716 1433 3803 quidam

386 3835 536 3903 carminis
558 3854 632 3903 cvm
655 3846 689 3903 et
710 3834 923 3901 enarrationis
936 3834 1140 3901 Asconianno
1160 3834 1271 3901 fauere
1293 3833 1433 3900 uidetur.

386 3954 504 4031 namsi
513 3962 648 4046 propter
656 3976 803 4020 caussam
812 3951 955 4019 Gemelli
963 3949 1435 4039 inGominiumillndaoriptnm

388 4080 437 4135 est
455 4071 667 4157 epigramma,
688 4093 730 4137 ex
752 4070 825 4135 odio
849 4070 1003 4148 maximo,
1024 4070 1111 4158 quod
1132 4069 1297 4159 Cominius
1312 4068 1435 4135 Gorne-

326 4237 346 4284 :v
387 4189 450 4271 lio,
483 4188 538 4275 qui
565 4187 637 4252 iura
665 4186 773 4275 populi
805 4186 944 4254 Romani
971 4186 1097 4274 inpigre
1123 4186 1358 4269 defensitabat,
1392 4209 1434 4251 ex
