3342 5200
516 679 590 731 vnn
623 681 671 731 DE
691 680 849 733 CAESARE
865 682 914 733 ET
932 679 1159 735 censentem

445 869 473 913 ao
514 871 575 912 acc
595 846 707 912 Ladas
726 870 780 934 cqc
799 848 980 932 pinnrpcsaa
1000 846 1140 931 Peraeae,

513 988 573 1029 cca
593 964 691 1029 Rhesi
709 966 816 1029 niceae
838 966 972 1050 citaeque
993 963 1115 1052 bipoer

511 1080 591 1146 adde
611 1084 670 1146 truc
685 1082 882 1167 plumipedes
902 1083 1092 1167 coloniasque

510 1210 724 1284 centoremque
745 1199 841 1263 simul
858 1198 980 1285 require
1002 1220 1157 1262 cursam:

513 1338 587 1401 quoa
608 1328 744 1392 cunctos,
768 1314 902 1398 Camere}
924 1314 1005 1379 milri
1022 1317 1150 1391 dicam

444 1456 472 1499 ao
513 1430 658 1516 deferam
679 1445 775 1497 tomen
796 1431 931 1497 ornabas
952 1434 1086 1497 medum

513 1562 541 1614 et
560 1552 662 1615 multis
683 1550 860 1637 lanpcribua
877 1571 1005 1635 percara

443 1688 473 1732 ee
515 1688 610 1730 ccccm
632 1678 659 1729 te
679 1668 755 1748 milri,
778 1670 881 1749 ardre,
902 1668 1106 1753 quaeritando.

444 1806 472 1850 ro
514 1782 567 1847 dic
587 1784 673 1847 nobie
693 1784 748 1847 abi
766 1784 813 1848 ais
825 1782 968 1869 funerus,
990 1786 1042 1848 ede

512 1903 666 1984 audacter,
687 1901 837 1966 committe
858 1905 946 1967 creda
966 1901 1056 1966 lucei.

312 2101 372 2167 sed
408 2124 464 2167 cur
502 2123 614 2166 uersus
650 2099 760 2165 decem
796 2101 855 2165 hos
885 2109 958 2188 post
989 2122 1118 2165 carmen
1148 2120 1225 2165 Lvru
1255 2100 1361 2165 scriba

311 2218 482 2307 archetypi
503 2217 711 2283 conlocauit?
745 2240 797 2282 res
818 2217 864 2283 ita
885 2239 919 2282 se
933 2218 1052 2283 habere
1067 2218 1206 2284 uidetur.
1243 2218 1359 2283 erroris

309 2335 394 2401 illius
422 2336 475 2401 ille
503 2333 563 2400 sibi
593 2358 658 2399 non
688 2333 776 2420 prius
809 2335 957 2399 conscius
985 2334 1089 2399 factus
1119 2343 1170 2414 est
1198 2356 1295 2422 qnam
1326 2335 1359 2398 in

311 2453 456 2520 carmine
497 2473 552 2517 Lvr
592 2450 761 2518 scribendo
797 2453 862 2518 iam
897 2462 1072 2553 occupatus
1107 2459 1188 2516 erat.
1251 2452 1361 2538 itaquo

310 2581 437 2637 tantum
458 2592 608 2636 uersuum
629 2591 796 2636 numerum
818 2578 891 2658 post
906 2570 1055 2636 ultimum
1069 2568 1217 2634 carminis
1232 2588 1277 2634 cv
1291 2590 1360 2634 uer

312 2711 384 2755 sum
399 2711 594 2777 quamquam
609 2687 782 2754 interstitio
804 2709 823 2752 a
844 2687 992 2775 proximo
1015 2686 1157 2752 carmine
1177 2696 1359 2775 separatum

312 2806 432 2873 addere
453 2815 510 2872 aut
531 2805 564 2870 in
589 2807 734 2891 margine
760 2805 924 2892 adponere
948 2828 1013 2870 non
1037 2805 1154 2871 licebat
1175 2814 1231 2870 aut
1251 2814 1360 2891 aptum

310 2947 375 2991 non
399 2933 486 3006 erat,
518 2922 575 2989 scd
605 2924 704 2989 satius
736 2945 807 2988 esse
828 2922 999 2988 uidebatur
1019 2922 1091 2988 illos
1114 2944 1199 3008 pone
1222 2943 1360 3010 sequens

311 3065 442 3108 carmen
465 3041 678 3128 perscriptum
700 3041 836 3106 adicere.
881 3063 954 3105 cum
975 3061 1053 3105 uero
1076 3040 1108 3105 in
1131 3039 1279 3126 exemplo
1301 3062 1359 3105 suo

311 3159 421 3245 (sicuti
441 3158 475 3222 in
496 3158 615 3224 nostris
632 3158 722 3224 libris
738 3156 928 3225 Catullianis
950 3159 1013 3241 est)
1030 3179 1140 3222 omnes
1156 3180 1269 3222 uersus
1285 3157 1360 3223 inde

312 3276 353 3343 ab
376 3297 432 3342 Lvr
456 3278 472 3340 1
495 3297 599 3364 usque
622 3276 661 3341 ad
683 3294 760 3341 Lvtn
781 3276 802 3342 5
823 3298 888 3341 uno
909 3276 999 3342 uelut
1024 3285 1135 3340 tenore
1163 3276 1361 3362 perscriptos

312 3405 345 3461 et
355 3394 444 3460 nullo
456 3393 629 3459 interstitio
642 3393 783 3459 admisso
799 3395 1008 3459 cohaerentes
1024 3393 1131 3458 scriba
1146 3392 1279 3475 uideret,
1298 3393 1359 3458 illis

313 3511 463 3577 omnibus
485 3532 586 3576 unum
607 3511 690 3577 effici
719 3533 848 3576 carmen
869 3511 995 3598 putauit
1016 3511 1153 3598 ideoque
1171 3520 1246 3596 post
1267 3510 1360 3576 huius

296 3629 420 3711 'finem,
444 3627 499 3717 qui
510 3628 683 3695 interstitio
698 3629 783 3693 inter
805 3647 881 3692 cvm
903 3629 925 3692 5
947 3637 980 3692 et
1002 3648 1090 3692 Lvrnr
1115 3625 1360 3710 lindioabatur‚

271 3726 273 3730 Α
312 3765 427 3811 uersus
449 3743 598 3810 carminis
621 3764 665 3809 ov
686 3743 774 3830 prius
797 3742 931 3808 omissos
953 3741 1113 3830 adposuit.

420 3894 506 3979 Sed,
542 3904 578 3960 ut
611 3895 652 3960 ad
684 3917 812 3961 carmen
844 3916 957 3959 xxvnn
992 3895 1140 3978 redeam,
1176 3917 1262 3961 nona
1296 3895 1360 3962 iam

315 4012 460 4102 quaestio
494 4013 639 4079 exoritur
669 4035 746 4078 num
778 4033 891 4077 uersus
922 4012 961 4075 21
994 4021 1026 4077 et
1055 4014 1096 4077 22
1127 4036 1255 4078 carmen
1287 4025 1362 4101 apte

314 4131 507 4199 concludere
526 4129 659 4218 possint.
704 4128 792 4218 quod
813 4128 942 4194 omnino
964 4129 1206 4195 concedendum
1228 4139 1287 4196 est.
1328 4140 1363 4196 ut

314 4249 378 4318 iam
400 4271 499 4339 supra
518 4248 675 4332 indicaui,
697 4258 793 4336 poeta
812 4247 853 4314 ad
874 4271 912 4313 ea
934 4269 1017 4334 qnae
1037 4247 1129 4312 initio
1151 4249 1301 4314 carminis
1323 4248 1362 4314 de
