3342 5200
341 640 367 691 11
400 636 450 691 DE
466 634 569 691 ANNIS
585 634 720 689 usuam
736 636 783 689 ΕΤ
799 634 932 689 raram
948 634 1104 689 eamn
1212 634 1247 690 86

198 816 313 873 contra
335 806 519 871 sdeuratam
534 802 789 893 disquisitionem
811 824 941 869 carmen
955 806 1002 868 nri
1024 801 1139 891 exigit,
1160 800 1247 892 quod

199 925 349 990 omnibus
388 922 457 988 fere
495 920 714 1008 grammaticis
753 921 932 987 certissimo
962 919 1024 985 fuit
1053 919 1247 986 documento

199 1041 439 1128 Hieronymum
467 1038 548 1105 lalsa
575 1039 756 1121 rettulisse,
796 1038 916 1125 quippe
942 1036 1031 1127 (1006
1062 1035 1123 1102 sub
1149 1036 1247 1103 linem

200 1159 278 1225 anni,
309 1156 424 1234 701141
447 1156 603 1243 scripturn
624 1176 695 1221 esse
715 1156 787 1221 luce
808 1163 895 1221 esset
914 1154 1040 1221 elarius
1083 1174 1146 1240 age
1170 1152 1247 1222 600

200 1276 303 1363 igitur
325 1274 529 1341 excribamus
550 1294 801 1360 enarremusque
821 1294 953 1338 carmen
972 1270 1049 1339 illud
1070 1271 1247 1339 conclama·

199 1402 270 1459 tum
290 1391 380 1457 hisee
402 1398 555 1479 quattuor
576 1390 725 1459 uersibus
746 1398 947 1477 conceptum,

354 1567 444 1647 Quid
464 1579 518 1650 est,
542 1566 687 1635 Caulo?
727 1566 804 1655 quid
822 1566 956 1631 morosis
976 1566 1100 1631 emori?

350 1684 425 1749 sella
445 1684 481 1748 iu
502 1684 606 1749 mendi
624 1681 749 1748 600οι0
770 1684 893 1748 Nouius
913 1685 1005 1766 00601,

348 1823 408 1885 per
428 1801 617 1865 emtarum
635 1800 758 1887 peierat
785 1800 958 1866 Vatinius:

350 1916 429 2003 quid
447 1928 501 1999 est,
524 1914 671 1983 Catullo?
710 1914 787 2005 quid
805 1918 940 1982 moreris
960 1917 1057 1983 emori
1066 1923 1083 1981 l

282 2093 319 2157 A
339 2113 436 2157 uersu
457 2089 599 2157 secundo
621 2090 812 2178 explicando
839 2089 966 2158 initium
993 2091 1176 2179 capiamus,
1205 2092 1247 2159 60

199 2231 265 2299 quo
293 2218 424 2297 praeter
451 2206 651 2296 scaligerum
673 2208 714 2273 A.
736 2208 908 2275 Haalrhius
929 2208 979 2291 (10
999 2208 1105 2275 Paulii
1125 2210 1247 2297 aneyel

198 2348 220 2391 v
239 2326 319 2412 688)
341 2326 385 2393 G.
407 2326 585 2393 Teuffelius
606 2330 650 2409 (0.
672 2346 768 2391 earm
790 2323 911 2392 Catulli
938 2326 1058 2393 selecta
1078 2326 1112 2392 in
1133 2324 1247 2393 Germ.

199 2464 349 2510 concers.
384 2441 507 2528 Stuttg.
539 2443 621 2509 1855
647 2466 679 2532 p.
708 2442 760 2509 53.
787 2443 853 2528 54)
883 2442 926 2509 11
956 2443 1165 2510 Lehmannus
1198 2444 1247 2529 (in

200 2560 434 2650 supplementis
461 2559 617 2649 philologi
645 2558 856 2626 Leutschiaui
881 2583 903 2625 u
922 2559 1001 2645 205)
1028 2560 1246 2628 coniecturam

199 2688 449 2767 proposuerunt.
493 2677 641 2765 Scaliger
660 2677 695 2744 in
717 2677 796 2742 locis
815 2677 942 2746 duobus
963 2678 1004 2745 ad
1024 2679 1125 2745 Attio.
1147 2701 1169 2745 u
1189 2679 1248 2745 92

199 2807 232 2862 et
251 2795 287 2862 iu
310 2795 420 2863 Vatin.
445 2796 485 2861 16
505 2796 563 2878 39,
593 2796 711 2882 quibus
731 2793 846 2862 Cicero
872 2803 1027 2861 strumam
1048 2795 1173 2862 Vatinii
1194 2797 1248 2882 (ea

201 2915 287 2980 enim
316 2935 390 2978 eum
417 2914 581 2979 laborasse
613 2921 756 2996 constat,
788 2911 828 2978 cf.
855 2912 940 2978 Plut.
969 2912 1039 2981 cis.
1060 2914 1092 2980 9.
1120 2913 1172 2980 26.
1213 2913 1249 2980 in

200 3032 312 3098 Vatin.
334 3031 356 3096 2
377 3032 408 3097 4.
444 3032 466 3095 4
489 3031 528 3098 10
547 3051 620 3096 cnm
634 3029 733 3096 schol.
747 3029 832 3098 Bob.
852 3052 886 3118 p.
907 3030 970 3096 316
989 3029 1058 3099 010.
1078 3053 1139 3119 pre
1161 3028 1247 3098 Sest.

200 3149 242 3215 65
264 3149 328 3214 135
350 3171 423 3213 0οι0
445 3147 542 3214 schol
564 3146 646 3214 Bob.
667 3170 699 3235 p.
720 3146 796 3232 310)
819 3146 1092 3232 commemorauit,
1115 3169 1174 3236 pro
1194 3147 1249 3214 cd·

200 3266 361 3353 pellatiuo
382 3266 511 3331 nomine
532 3264 698 3353 proprium
727 3263 900 3332 restituens
920 3263 1085 3331 Strumam
1105 3263 1250 3332 Nonium

201 3381 325 3451 Catulli
349 3383 559 3449 resuscitasse
587 3383 648 3450 sibi
669 3384 758 3449 uisus
780 3392 830 3449 est
851 3406 860 3446 t
883 3383 992 3448 omnia
1010 3404 1126 3470 parum
1146 3384 1248 3450 eonsi-

202 3499 334 3583 clerate,
364 3510 401 3565 ut
422 3501 527 3589 quiuis
547 3501 716 3588 intellegit.
767 3499 927 3587 Scaligeri
957 3521 1048 3566 error
1077 3499 1248 3589 primarius

201 3617 262 3682 luit
292 3616 382 3706 quod
411 3614 577 3684 Strumam
600 3639 665 3684 non
694 3628 761 3684 tam
794 3616 971 3683 conuitium
1002 3639 1100 3706 quam
1134 3638 1246 3683 uerum

203 3756 385 3822 cognomen
406 3733 506 3800 Nonii
530 3735 628 3800 luisse
648 3734 784 3822 putauit.
827 3733 966 3821 primum
987 3734 1073 3799 enim
1095 3731 1248 3802 Strumae

203 3873 383 3937 cognomen
404 3873 562 3938 nusquam
578 3851 665 3940 quod
680 3851 779 3916 sciam
794 3851 967 3932 inuenitur,
987 3851 1106 3918 nedum
1120 3851 1247 3920 Nonius

204 3967 333 4055 quidam
355 3967 437 4032 alius
460 3966 592 4035 Struma
614 3993 622 4034 ι
644 3967 760 4034 601060
782 3968 939 4034 Boethius
960 3969 1032 4034 loeo
1045 3991 1143 4057 quem
1162 3970 1249 4037 infre

205 4083 421 4150 describemus
450 4083 529 4150 illud
552 4108 611 4173 pro
634 4087 775 4155 conuitio
797 4084 911 4154 habuit
939 4107 1046 4174 neque
1065 4087 1179 4171 aliter,
1210 4097 1248 4155 ut

206 4199 339 4285 uidetur,
361 4199 484 4268 Marius
505 4202 693 4270 Victorinus
714 4204 761 4292 (p.
782 4203 866 4269 2575
885 4202 923 4270 P.
950 4204 1009 4270 174
1030 4204 1161 4291 Gaisi),
1183 4203 1249 4294 qui,

996 4305 1051 4370 3*
