3342 5200
522 589 537 641 1
570 590 618 641 DE
634 588 830 643 nummus
845 588 1004 641 esuum
1255 588 1289 639 tt

236 766 369 845 prater
399 764 529 845 postam
561 755 694 844 eiusque
725 764 853 844 petrem
882 762 916 821 et
947 754 1081 821 lrstrem
1112 752 1289 821 admodum

236 874 349 963 psuoi'
366 873 610 939 commemorari
639 871 800 939 uidentur.
844 881 920 938 sunt
950 871 1037 937 enim
1068 870 1157 959 quod
1188 872 1289 937 soism

237 990 310 1055 li:
334 990 375 1057 1.
404 989 555 1055 Valerius
583 988 732 1057 Catullus
765 988 914 1055 triumuir
944 988 1115 1055 monetslis
1145 987 1288 1077 Augusti

237 1106 441 1195 temporibus
468 1106 603 1189 uiuens,
643 1105 736 1171 cuius
769 1126 887 1173 nomen
916 1105 950 1171 iu
976 1126 1076 1171 numo
1094 1126 1190 1171 serso
1219 1102 1290 1171 des·

238 1222 379 1312 criptum
400 1222 519 1309 legitur
538 1224 592 1304 (cl.
616 1221 747 1289 Riooius
768 1221 810 1288 de
831 1222 930 1288 fsmil.
952 1230 1052 1287 nster.
1074 1243 1164 1289 uum.
1179 1244 1211 1311 p.
1227 1222 1291 1289 280

237 1340 389 1405 Ecklrelii
410 1338 558 1405 (loculus
578 1360 749 1405 numerum
770 1362 792 1403 v
812 1338 907 1423 333),
939 1338 1056 1404 deinde
1086 1338 1131 1403 Μ.
1161 1338 1289 1405 Annius

237 1457 391 1523 Valerius
413 1454 570 1539 Catullus,
593 1454 647 1545 qui
669 1456 702 1521 in
723 1456 786 1520 hoc
805 1455 901 1523 titulo
922 1454 1009 1544 spud
1024 1455 1157 1523 Gruter.
1171 1455 1243 1535 480,
1268 1455 1290 1521 7)

238 1582 395 1662 conparet
426 1572 496 1639 Seu.
536 1572 665 1639 Valerio.
693 1570 760 1639 Seu
793 1574 808 1656 ΙΙ
843 1573 906 1639 Fe.
937 1573 1015 1639 Fae.
1046 1572 1221 1639 Potuooloe
1260 1575 1276 1656 ΙΙ

245 1690 406 1757 veronesi.
428 1690 489 1777 Eq.
506 1690 548 1756 B.
570 1692 629 1777 Eq.
645 1690 678 1755 P
708 1690 721 1773 ΙΙ
757 1689 922 1756 ilumeris.
944 1688 1098 1777 Perpetui
1118 1690 1236 1755 Socerd
1261 1691 1276 1773 ΙΙ

247 1810 348 1874 Vries.
378 1808 503 1873 Romu
524 1809 667 1875 Autome.
692 1804 777 1873 Oura
797 1808 810 1889 ΙΙ
831 1808 902 1872 tori.
927 1806 978 1871 n.
999 1808 1148 1872 Patrono.
1172 1806 1289 1873 Otene

238 1938 303 1991 tum
338 1926 352 2009 ΙΙ
395 1924 683 2013 Vurdsyetenssism.
714 1923 765 1989 lu.
799 1922 937 2009 Dripsiu
963 1926 978 2005 ΙΙ
992 1924 1110 1989 ouium.
1143 1923 1287 1990 Patrono.

238 2043 348 2128 Collcp.
373 2041 514 2107 Omnium
548 2044 562 2123 ΙΙ
598 2040 760 2107 Omnibus.
784 2040 968 2107 Honoribus.
988 2040 1161 2127 Perfusueto
1195 2044 1210 2123 ΙΙ
1252 2040 1287 2107 V.

238 2162 281 2224 B.
316 2159 389 2237 Qui.
425 2158 510 2223 Venit
545 2158 626 2223 &ue
668 2158 745 2223 Vlla.
778 2158 930 2237 Querella.
963 2155 1040 2223 Orsen
1084 2161 1100 2240 ΙΙ
1145 2159 1287 2243 θοπᾶιφο.

240 2275 466 2361 Infrascrs'pto.
488 2275 584 2339 Arnus
604 2272 648 2339 N.
663 2272 734 2337 LV
750 2273 793 2339 Et
812 2274 926 2341 Nonis.
949 2274 997 2341 Μ.
1019 2274 1059 2340 F.
1080 2277 1185 2341 Arrio.
1207 2276 1288 2340 Hsr·

238 2392 370 2457 munilia
403 2392 416 2475 ΙΙ
451 2392 583 2456 Summo.
615 2390 747 2457 Pietate.
777 2392 834 2457 Ab.
864 2390 935 2457 Eis.
962 2393 1113 2458 Dilectus.
1141 2393 1219 2457 Auis
1260 2393 1274 2475 ΙΙ

238 2510 370 2575 Rursus.
397 2510 445 2573 Μ.
475 2509 608 2575 Amilos.
645 2506 789 2573 Vanus.
818 2506 966 2575 Catullus.
988 2510 1103 2594 Nepos.
1146 2508 1287 2597 (lenique

238 2647 358 2692 nomen
380 2626 531 2692 delatoris
553 2625 613 2690 sub
627 2625 815 2691 Domitiano
838 2626 1021 2713 inperatore
1042 2626 1187 2692 florentis
1207 2625 1287 2693 inte·

237 2766 333 2832 grum
366 2742 403 2810 G.
433 2743 584 2810 Valerius
617 2741 765 2808 Catullus
797 2741 990 2810 Messulinus
1021 2742 1121 2809 fluisse
1149 2744 1286 2825 uidetur,

238 2862 278 2926 cf.
300 2859 465 2926 quenalis
486 2869 546 2926 sut.
568 2883 609 2924 uu
635 2860 695 2925 113
716 2859 814 2925 Plinii
835 2860 928 2948 epist
950 2883 991 2924 uu
1012 2859 1054 2924 22
1076 2858 1181 2926 Tsoiti
1203 2859 1286 2943 Agr.

237 2977 279 3042 45
300 2977 444 3065 inscript.
465 2977 551 3064 apud
573 2975 670 3043 Grut.
691 2977 763 3061 314,
784 2977 815 3042 3.
858 2986 979 3058 contre,
1007 2977 1035 3042 si
1055 2999 1074 3041 u
1095 2977 1288 3062 cognomine

238 3093 450 3175 discedimus,
479 3103 610 3180 gentem
638 3093 801 3160 Valerium
827 3114 886 3182 per
915 3091 1035 3160 Ostnlli
1061 3103 1180 3180 poetse
1213 3114 1287 3180 pro-

238 3209 380 3276 uinciam
400 3211 540 3298 putrium
562 3211 627 3276 late
641 3220 855 3299 propagatam
875 3210 975 3276 fnisse
995 3209 1221 3298 inscriptiones
1241 3210 1287 3277 ibi

236 3339 389 3414 repertae
410 3336 571 3406 testantur
587 3329 776 3412 luculenter,
797 3351 904 3418 usque
917 3326 1211 3417 praetermittemus
1231 3327 1285 3394 su-

237 3455 351 3510 notsre
391 3443 481 3510 illum
518 3445 623 3532 ipsum
654 3446 798 3528 titulum,
837 3468 935 3534 quem
962 3444 1059 3511 modo
1090 3465 1110 3510 e
1142 3442 1285 3511 Grutero

238 3560 463 3647 suscripsimus,
483 3561 516 3626 iu
532 3583 613 3648 egro
628 3562 784 3628 Brixiuno
802 3564 953 3629 effossum
977 3585 1047 3629 esse
1068 3588 1076 3626 ε
1097 3561 1131 3626 id
1145 3561 1233 3650 quod
1248 3559 1285 3628 0.

236 3676 275 3742 F.
298 3655 529 3744 'Hermonem
556 3677 578 3744 l.
609 3704 636 3745 e.
658 3681 732 3768 p.9
760 3703 824 3746 uon
851 3679 946 3768 fugit.
990 3682 1031 3746 oi.
1060 3677 1287 3767 inscriptiones

237 3793 323 3880 spud
346 3793 503 3860 Orellinm
527 3797 608 3862 1872
628 3797 727 3880 5991,
756 3799 843 3884 opud
862 3797 996 3866 Gruter.
1017 3798 1088 3879 868,
1110 3798 1132 3862 2
1158 3797 1231 3878 892,
1252 3796 1284 3873 6,

236 3910 293 3976 ubi
327 3911 450 3976 Valerii
481 3911 686 3980 veronenses
715 3924 1022 3996 commemorantur,
1057 3924 1090 3980 et
1115 3924 1284 4001 prestere·

227 4026 326 4114 'opud
359 4025 516 4094 Orellium
543 4029 608 4096 454
633 4031 717 4096 2188
746 4033 860 4118 (3905)
885 4033 968 4098 3744
993 4031 1079 4098 4825
1098 4031 1283 4099 48267067

236 4143 316 4211 7201
340 4143 427 4212 uliss.
