3342 5200
425 652 473 703 1⁰2
710 646 734 696 V
767 646 815 697 DE
833 644 1014 697 sucumve
1032 642 1187 697 cervum

422 813 568 901 pratibus
597 834 766 902 perperam
798 809 958 899 explicato
978 807 1180 890 indicantur,
1216 808 1304 895 quod
1331 809 1472 894 primum

423 942 547 1019 septem
578 930 610 995 in
647 929 788 997 Gellium
824 929 1018 1014 scriptorum
1056 925 1233 991 carminum
1267 926 1472 1012 conpositum

423 1070 494 1115 esse
516 1046 664 1113 arbitror.
707 1066 816 1111 eorum
840 1065 923 1132 quae
944 1042 978 1107 in
996 1042 1060 1107 hoo
1080 1040 1221 1107 carmine
1242 1040 1349 1107 Gellio
1371 1042 1472 1105 mina-

420 1174 474 1231 tus
494 1174 564 1230 erat

636 1344 669 1395 ot
686 1331 776 1414 fieus
796 1331 910 1395 roseis
930 1342 963 1394 ta
981 1329 1056 1394 dari
1074 1331 1250 1415 srrpplicr'um

423 1518 506 1582 bene
534 1536 656 1580 memor
688 1511 834 1581 Catullus
856 1512 1050 1579 carminibus
1072 1531 1183 1578 Lxxuu
1205 1532 1298 1578 Lxxx
1321 1531 1472 1577 Lxxxvru

424 1652 581 1699 Lxxxvuu
624 1649 742 1695 Lxxxx
788 1649 917 1695 Lxxxxr
965 1628 1126 1693 hominem
1168 1626 1473 1716 inpudentissimum

423 1750 542 1814 acriter
580 1747 749 1834 inpugnat.
802 1768 932 1812 carmen
975 1764 1071 1828 oxu,
1117 1746 1204 1832 qnod
1248 1745 1346 1809 modo
1389 1754 1474 1811 trao-

424 1866 574 1947 tauimus‚
596 1886 693 1950 quam
715 1863 862 1950 proxime
883 1884 1011 1928 carmen
1036 1881 1163 1928 Lxxxxr
1185 1860 1260 1927 Noa
1279 1862 1360 1944 e‘deo,
1383 1862 1472 1944 Gelli,

425 1982 589 2068 sperabam
610 1994 638 2045 te
658 1980 737 2045 mebi
748 1980 848 2063 fidum
868 1979 1032 2067 excepisse
1053 1978 1190 2046 uidetur.
1233 1977 1266 2043 in
1288 2000 1352 2066 quo
1374 1987 1474 2065 poeta

426 2096 512 2179 dicit,
535 2121 607 2163 cum
628 2096 770 2163 Gellium
793 2118 858 2161 non
874 2095 1026 2161 delectari
1047 2095 1108 2161 nisi
1131 2096 1293 2162 amoribus
1314 2094 1473 2161 scelestis·

427 2216 514 2281 simis
544 2236 608 2279 non
638 2215 824 2300 ignoraret,
857 2214 904 2296 de}
925 2234 1033 2277 amore
1061 2234 1120 2277 suo
1142 2221 1304 2277 aetatum
1327 2211 1472 2295 duxisse,

427 2333 503 2421 quia
534 2330 693 2412 Gellium,
727 2328 921 2393 incestorum
951 2337 1078 2395 tantum
1110 2338 1322 2410 sectatorem,
1361 2353 1472 2395 amore

425 2448 561 2515 Lesbiae
580 2448 710 2513 uinculo
742 2445 909 2532 sanguinis
940 2445 1001 2511 sibi
1033 2468 1099 2511 non
1120 2445 1312 2512 coniunctae
1341 2446 1473 2513 incendi

424 2565 591 2655 probabile
604 2586 670 2630 non
685 2563 808 2631 fuisset.
831 2573 928 2650 atque
943 2584 1139 2652 quamquam
1154 2562 1224 2651 ipse
1240 2562 1473 2630 consuetudine

426 2684 566 2771 quadam
598 2704 671 2746 oum
694 2679 801 2746 Gellio
824 2682 1026 2746 consociatus
1046 2680 1179 2763 fuisset,
1211 2690 1320 2745 tamen
1339 2683 1475 2748 nonita

428 2824 462 2865 se
484 2798 635 2865 metuisse
656 2821 697 2864 ne
718 2799 771 2864 ille
791 2797 944 2864 Lesbiam
966 2807 1202 2885 corrumperet,
1234 2798 1311 2883 quia
1342 2799 1473 2885 puellae

427 2939 493 2982 non
514 2926 674 3002 cognatae
699 2916 739 2980 ab
761 2915 865 2980 amico
882 2913 1077 2980 auertendae
1097 2914 1199 2980 scelus
1219 2914 1314 2978 nimis
1334 2938 1473 3001 paruum

427 3043 460 3098 et
477 3033 548 3096 leue
569 3033 615 3098 illi
637 3031 768 3118 flagitiis
790 3031 866 3097 solis
888 3030 998 3098 dedito
1019 3031 1196 3118 putandum
1217 3031 1340 3096 fuisset.
1381 3042 1417 3097 at
1438 3055 1474 3096 sc

427 3151 596 3215 errauisse.
639 3171 700 3214 nec
729 3149 861 3236 opinato
895 3147 1036 3214 Gellium
1064 3147 1144 3212 illud
1170 3148 1262 3214 nefas
1284 3147 1391 3213 studio
1412 3172 1473 3214 suo

425 3267 560 3354 dignum
582 3267 731 3332 habuisse
754 3267 848 3351 eique
868 3264 1020 3330 Lesbiam
1041 3286 1149 3329 amare
1170 3264 1320 3329 lubuisse

531 3431 576 3494 Tu
597 3431 691 3514 sotis,
713 3430 816 3516 inquit
838 3439 954 3516 poeta,
986 3429 1023 3493 id
1040 3431 1130 3494 desti
1147 3454 1158 3494 .·
1177 3442 1293 3494 tantam
1315 3428 1376 3492 riti
1390 3454 1472 3514 pau·

1128 3547 1214 3610 dium
1235 3550 1266 3610 iu
1287 3546 1375 3609 omui

626 3661 722 3746 culpo
743 3674 798 3744 est,
818 3663 854 3727 r'a
874 3684 1069 3748 quocumque
1091 3673 1136 3726 est
1155 3662 1277 3747 aliquid
1296 3661 1431 3726 sceleris.

428 3848 512 3913 quae
526 3827 566 3891 de
579 3825 697 3892 Lesbia
712 3824 843 3914 eiusque
863 3848 972 3892 amore
985 3836 1082 3914 poeta
1103 3849 1142 3893 eo
1161 3835 1307 3914 tempore
1321 3847 1385 3913 quo
1407 3847 1475 3892 car

426 3965 499 4008 men
521 3943 584 4007 hoc
605 3943 731 4028 scripsit
763 3943 936 4030 cogitauit,
966 3967 1007 4010 ex
1034 3967 1131 4010 uersu
1159 3942 1317 4026 secundo,
1350 3941 1473 4031 inquo

422 4055 475 4124 ‘de
505 4061 621 4124 misero
652 4068 684 4124 et
711 4059 838 4146 perdito
865 4082 925 4124 sno
947 4056 1064 4126 amore'
1085 4061 1241 4149 loquitur,
1273 4069 1306 4125 et
1332 4081 1352 4124 e
1377 4069 1473 4125 sexto

428 4176 506 4242 tane
530 4176 710 4262 (Lesbiam)
733 4183 818 4242 euers
838 4201 888 4243 me
906 4201 1038 4270 mopaur
1058 4180 1196 4244 edebat
1214 4201 1313 4257 amor,
1335 4174 1475 4245 dilucido
