3342 5200
704 1880 770 1963 ΙΠ

270 2103 274 2110 '
294 2088 415 2155 Postea
444 2109 539 2175 quam
568 2087 609 2153 de
630 2086 751 2155 Catulli
772 2088 860 2155 uitae
880 2087 1018 2154 termino
1039 2097 1178 2177 unoque
1198 2089 1261 2156 dis·

208 2206 418 2295 putauimns,
455 2205 519 2271 iarn
547 2205 587 2271 da
613 2214 730 2292 poetae
749 2205 818 2272 uita
839 2206 912 2293 ipsa
933 2214 1031 2293 atque
1052 2206 1191 2292 primurn
1220 2204 1260 2272 de

209 2324 281 2388 eius
300 2322 423 2387 familia
442 2330 475 2387 et
495 2344 531 2388 re
545 2320 696 2388 familiari
716 2320 809 2387 nobis
827 2321 1047 2409 quaerendum
1064 2331 1123 2388 est
1143 2319 1260 2408 quibus

210 2440 252 2506 de
273 2438 372 2505 rebus
388 2462 472 2527 quae
494 2439 535 2504 ad
548 2439 677 2505 modum
693 2461 798 2527 pauca
818 2438 862 2504 ad
885 2459 945 2503 nos
959 2449 1178 2527 peruenerunt
1192 2440 1260 2505 fere

209 2557 321 2624 omnia
340 2558 400 2624 soli
416 2556 543 2626 Catullo
565 2556 626 2647 ipsi
643 2556 804 2623 debemus.
847 2566 973 2645 patrem
994 2557 1123 2645 quidem
1139 2554 1260 2624 Catulli

210 2671 389 2740 Suetonius
410 2676 445 2739 in
458 2672 541 2740 Iulio
556 2673 597 2738 73
611 2682 723 2740 narrat
746 2673 907 2762 hospitem
923 2673 965 2741 G.
982 2672 1131 2741 (laeseris
1151 2673 1260 2758 fnisse,

78 2809 80 2816 ·
208 2791 269 2877 qui
300 2791 447 2877 quamuis
475 2787 644 2857 aOatullo
673 2789 739 2856 filio
771 2790 1015 2878 epigrammatis
1045 2789 1261 2856 acerbissimis

208 2908 390 2996 proscissus
418 2916 518 2990 esset,
551 2917 661 2973 tamen
692 2905 811 2972 Catulli
839 2905 941 2993 patris
959 2906 1099 2995 hospitio
1121 2906 1169 2972 uti
1190 2928 1260 2993 per·

209 3033 386 3090 seneraret.
428 3045 493 3110 quo
521 3044 562 3088 ex
590 3023 662 3088 loco
690 3019 891 3106 Suetoniano
920 3045 985 3088 non
1015 3021 1261 3111 inprobabiliter

78 3161 81 3168 ·
210 3141 360 3206 conicere
386 3139 461 3205 licet
488 3148 615 3230 patrem
643 3138 773 3207 Catullo
796 3139 999 3226 superstitem
1020 3139 1128 3206 fuisse.
1172 3140 1260 3230 quod

210 3260 276 3324 iam
312 3255 448 3324 Carolus
481 3255 666 3322 Fridaricus
697 3257 905 3324 Hermannus
936 3256 992 3338 (ad
1021 3256 1259 3345 Hieronymum

189 3395 244 3462 p.
270 3375 324 3459 10)
345 3372 512 3440 contendit
533 3373 662 3462 quidem
684 3385 790 3458 recte,
818 3374 911 3440 malis
930 3383 1039 3440 tamon
1061 3375 1276 3460 argumentis*

210 3513 299 3556 usus.
341 3491 369 3557 is
402 3490 486 3556 enim
514 3490 688 3560 arbitratus
717 3491 882 3558 Catullum
910 3500 986 3579 post
1012 3489 1107 3556 ciuile
1128 3490 1258 3557 demum

210 3607 333 3673 bellurn
367 3630 439 3673 cum
468 3607 608 3674 Caesare
639 3608 672 3672 in
704 3599 844 3693 gratiam
870 3604 1003 3673 rediisse
1029 3617 1063 3673 et
1089 3629 1166 3673 mox
1194 3629 1258 3673 uno

210 3723 379 3790 duobusue
418 3723 511 3790 annis
547 3734 622 3812 post
664 3734 828 3791 mortuum
865 3745 958 3806 esse,
996 3747 1061 3790 non
1101 3724 1260 3791 dubitauit

209 3841 290 3928 quin
312 3851 421 3929 pater,
455 3841 545 3907 cuius
566 3840 705 3929 hospitio
729 3841 776 3907 uti
797 3840 984 3928 postillam
1005 3841 1128 3928 gratiae
1149 3862 1260 3907 recon-

209 3957 408 4025 ciliationem
435 3956 555 4025 Caesar
586 3968 890 4044 perseueraret,
919 3958 988 4026 nita
1010 3958 1112 4024 filium
1133 3979 1260 4046 supera·

207 4075 319 4142 uisset.
363 4075 397 4140 in
419 4075 468 4141 his
491 4099 575 4164 quaa
596 4075 639 4140 ad
655 4086 837 4163 temporum
857 4075 999 4142 rationes
1021 4084 1169 4164 spectant
1182 4073 1262 4141 falsa

206 4215 279 4260 csse
305 4191 412 4260 omnia
427 4192 460 4257 in
475 4193 581 4282 capite
595 4216 615 4260 n
629 4193 849 4260 demonstrare
866 4194 1047 4260 studuimus
1061 4192 1261 4279 argumentis
