3342 5200
505 655 582 707 Vllll
617 656 665 707 DE
683 654 843 708 CAESARE
860 656 907 707 ΕΤ
924 653 1153 711 cAusARIArus
1305 658 1352 708 201

311 822 488 888 admisisse.
531 824 621 888 cuins
652 823 700 888 rei
731 822 955 889 excusationes
984 821 1154 909 conplures
1183 823 1272 905 (nam
1302 842 1355 887 ex·
1458 864 1460 869 -

312 939 475 1006 cusatione
486 942 598 1028 utiquc
610 963 689 1027 opus
704 941 765 1023 est)
776 939 913 1005 inueniri
922 949 1067 1027 possunt.
1098 941 1238 1027 primum
1246 950 1354 1007 autern

311 1057 510 1123 adsentimur
530 1057 607 1123 uiris
629 1058 731 1124 doctis
753 1058 808 1146 qui
830 1058 1008 1144 spondeum
1030 1056 1159 1122 tolerari
1180 1079 1275 1145 posse
1295 1057 1356 1124 sibi

309 1185 539 1262 persuaserunt
555 1176 703 1243 omnibus
718 1198 756 1241 eo
780 1176 867 1263 quod
882 1176 1025 1262 spondeo
1041 1184 1271 1262 conpensatum
1285 1196 1354 1241 esse

310 1301 462 1380 putamus
491 1292 632 1359 iambum
668 1296 825 1380 primum,
862 1314 958 1381 quem
989 1302 1103 1358 notum
1134 1301 1182 1357 est
1213 1293 1355 1358 omnium

310 1410 428 1497 pedum
442 1410 581 1476 maxime
603 1408 737 1475 licentiis
757 1410 932 1476 obnoxium
948 1431 1027 1476 esse.
1071 1410 1186 1476 deinde
1209 1410 1355 1477 Catullus

311 1527 396 1593 tertii
418 1529 546 1616 quoque
567 1551 681 1614 uersus
701 1527 844 1594 iambum
865 1528 1004 1615 primum
1025 1527 1167 1614 spondeo
1182 1527 1354 1615 conpleuit

309 1667 450 1731 namque
481 1644 618 1710 nominis
649 1644 834 1711 Mamurrae
868 1646 1025 1734 syllabam
1055 1646 1191 1733 primam
1222 1644 1354 1732 longam

308 1760 406 1826 fuisse
427 1760 556 1827 Horatii
576 1772 758 1828 saturarum
780 1787 787 1827 ι
810 1763 831 1829 5
852 1762 892 1827 37
915 1774 947 1829 et
967 1761 1125 1828 Martialis
1147 1762 1356 1851 epigramma-

309 1888 378 1943 tum
399 1900 463 1943 vuu
485 1878 526 1943 59
549 1879 566 1942 1
591 1903 613 1944 x
633 1880 653 1943 4
677 1880 713 1943 11
738 1877 792 1963 (cl.
814 1879 953 1970 Hauptii
968 1890 1091 1968 quaest.
1109 1878 1226 1945 Catull.
1245 1903 1277 1966 p.
1294 1879 1354 1943 18:

310 1995 538 2062 Lachmannus
560 1996 605 2065 ad
621 1995 751 2063 Lueret.
778 2020 809 2084 p.
832 1998 874 2062 36
901 2019 965 2064 non
991 2006 1080 2063 reete
1106 1996 1275 2079 iudicauit)
1302 1995 1354 2061 de·
1434 1973 1438 1979 .

309 2123 515 2179 monstratur.
558 2137 622 2202 quo
643 2115 772 2179 nomine
787 2115 917 2202 proprio
937 2114 1090 2198 adhibito,
1113 2112 1260 2202 quamuis
1280 2112 1314 2177 id
1335 2137 1355 2210 a

309 2239 425 2296 natura
452 2253 509 2296 sua
536 2230 656 2318 optime
677 2241 904 2308 excusaretur,
937 2254 1009 2297 oum
1031 2231 1131 2297 nihilo
1152 2232 1259 2297 minus
1279 2211 1362 2296 iam·¹

306 2348 428 2412 'borum
450 2347 618 2434 integritas
641 2370 703 2413 uno
725 2349 796 2414 loco
812 2348 933 2414 uiolata
947 2358 1041 2432 esset,
1065 2347 1211 2414 Catullus
1231 2348 1355 2414 facilius

309 2476 389 2553 puto
422 2464 524 2531 altero
557 2488 686 2553 quoque
716 2465 787 2531 loco
820 2490 839 2531 a
871 2487 983 2531 seuera
1013 2465 1068 2532 illa
1098 2466 1172 2553 lege
1204 2465 1356 2531 recedere

310 2582 416 2671 potuit
437 2608 444 2648 :
469 2606 541 2648 cum
562 2582 751 2669 praesertim
772 2582 825 2648 lex
848 2607 946 2671 quam
974 2581 1118 2649 uiolabat
1138 2583 1270 2650 metrica
1290 2607 1355 2649 non

311 2723 349 2767 ea
382 2710 467 2766 esset
503 2722 585 2787 quae
623 2701 783 2766 communi
818 2710 987 2788 poetarum
1022 2702 1163 2766 omnium
1197 2723 1355 2767 consensu

311 2817 433 2883 sancita
454 2817 635 2900 haberetur,
659 2819 715 2883 sed
734 2841 830 2906 quem
847 2819 929 2884 sicut
948 2819 1016 2906 ipse
1038 2817 1099 2885 sibi
1114 2819 1286 2906 scripserat
1301 2818 1355 2884 ob·

310 2935 512 3017 seruandam,
534 2934 579 3000 ita
601 2935 669 3022 ipse
691 2957 838 3023 quoque,
860 2937 888 3000 si
909 2958 1023 3001 caussa
1044 2936 1240 3023 neglegendi
1261 2957 1356 3024 quae·

311 3053 384 3118 dam
406 3051 526 3134 aderat,
548 3053 722 3140 neglegere
743 3063 859 3139 posset
903 3053 1024 3140 optimo
1039 3063 1146 3119 autem
1168 3055 1237 3120 iure
1258 3063 1355 3141 poeta

310 3193 464 3236 anorma
485 3193 597 3235 seuera
617 3170 677 3236 hoc
699 3171 769 3236 loco
791 3171 953 3237 declinare
973 3172 1097 3258 potuit,
1130 3170 1259 3258 quando
1289 3170 1356 3258 qui-

311 3288 384 3355 dem
401 3311 512 3353 uersus
527 3287 572 3351 illi
586 3289 825 3353 enumeratione
847 3289 984 3375 quadam
1004 3299 1182 3375 grauanter
1204 3299 1236 3355 et
1256 3286 1357 3355 nomi·

309 3407 405 3473 nibus
438 3404 575 3493 propriis
606 3405 771 3471 abundant
800 3416 831 3472 et
860 3429 969 3472 eorum
999 3408 1104 3480 oratio
1130 3407 1162 3471 in
1191 3405 1301 3492 primis
1323 3408 1355 3472 in

311 3547 407 3589 uersu
436 3522 591 3609 nigesimo
620 3546 717 3609 quam
746 3525 885 3589 maxime
913 3525 1059 3611 exsurgit
1088 3535 1121 3589 et
1149 3522 1355 3590 concitatur:

311 3665 394 3730 quae
422 3665 473 3706 res
500 3652 566 3707 tres
593 3664 689 3727 quam
719 3664 814 3729 saepe
840 3653 953 3730 poetas
976 3641 1111 3708 Latinos
1140 3642 1300 3708 mouerint
1321 3651 1357 3706 ut

312 3759 460 3825 uersibus
482 3758 626 3825 licentias
646 3759 859 3825 concederent
880 3781 983 3846 nuper
1003 3758 1165 3826 Lucienus
1180 3756 1356 3824 Muellerus

313 3877 366 3959 (de
388 3898 423 3940 re
445 3876 578 3942 metrica
600 3899 631 3962 p.
660 3877 715 3940 133
743 3886 774 3940 et
799 3875 1024 3964 sequentibus)
1051 3877 1209 3943 subtiliter
1238 3876 1354 3942 docuit.

313 3994 338 4059 si
367 3994 511 4080 spondeo
546 4016 641 4080 quem
676 3996 708 4059 in
743 3993 860 4080 pedem
890 3993 1025 4080 primum
1057 3997 1216 4082 recepturi
1247 4017 1355 4059 sumus

313 4135 375 4177 non
419 4110 610 4178 obstinatius
648 4109 860 4177 resistendum
895 4133 966 4176 esse
1002 4112 1222 4178 demonstrare
1260 4114 1355 4179 nobis

313 4230 461 4318 contigit,
485 4229 564 4296 nibil
586 4227 744 4317 reliquum
765 4238 814 4296 est
834 4228 897 4294 nisi
918 4237 954 4295 ut
974 4228 1190 4296 coniecturam
1212 4240 1354 4298 nostram
