3342 5200
428 670 462 723 tt
568 664 595 721 11
629 668 677 721 DE
696 666 800 721 ANNI!
816 664 950 720 uarum
966 666 1014 719 li'l'
1029 664 1163 718 raram
1181 665 1337 719 camut

429 834 495 901 tiae
516 856 740 924 quaecumque
762 833 883 922 opponi
903 834 1018 916 solent,
1044 831 1152 898 omnis
1171 833 1205 897 in
1225 854 1291 897 non
1313 833 1478 899 nullorum

431 950 606 1017 carminum
630 973 733 1038 praua
753 950 1017 1039 interpretatione
1037 948 1194 1015 nituntur.
1217 960 1251 1016 et
1270 949 1395 1037 aliquot
1408 951 1479 1039 qui·

429 1068 502 1135 dem
531 1088 658 1133 errores
680 1068 721 1133 sb
742 1066 977 1154 interpretibus
1003 1066 1146 1153 priorum
1169 1065 1370 1132 saeculorum
1392 1089 1480 1133 com-

429 1184 542 1250 missos
562 1185 619 1250 nix
640 1206 722 1273 opus
743 1194 794 1250 est
814 1204 999 1267 recensere,
1028 1205 1103 1248 cum
1122 1183 1187 1247 iam
1207 1182 1328 1249 dudum
1350 1186 1480 1272 explosi

429 1304 503 1369 sint
545 1300 646 1367 ueluti
668 1300 786 1367 Petrus
806 1298 951 1369 Orinitus
972 1309 1005 1366 et
1026 1299 1080 1365 alii
1101 1300 1247 1366 uersibus
1269 1300 1317 1366 his

648 1478 694 1543 sic
706 1476 828 1563 fuson
850 1488 932 1541 tener
950 1500 1044 1541 orama
1065 1489 1107 1541 eat
1129 1476 1260 1542 Catullus

647 1616 760 1679 magno
780 1595 897 1658 mittere
914 1616 1072 1679 poscerem
1093 1593 1234 1677 Maroni,

432 1767 550 1857 quibus
582 1766 743 1834 Martialis
786 1768 1056 1857 epigrammatum
1086 1791 1128 1833 un
1160 1769 1200 1832 14
1228 1769 1268 1833 13
1297 1777 1483 1857 temporum

430 1885 572 1951 rationes
609 1884 687 1951 nihil
724 1906 856 1973 prorsus
886 1906 1003 1950 curans
1029 1885 1181 1974 exemplo
1209 1886 1376 1973 utriusque
1402 1886 1485 1952 anti·

431 2001 552 2091 quioris
578 2010 694 2089 poetae
724 2003 885 2069 rationem
912 2003 965 2068 nel
993 2002 1240 2090 discrepantiam
1272 2003 1359 2070 inter
1386 2024 1482 2069 suam

432 2130 465 2185 et
486 2117 558 2187 Silii
580 2120 687 2187 Italici
709 2119 828 2208 poesim
850 2118 1105 2185 intercedentem
1126 2119 1271 2186 indicare
1292 2120 1405 2202 uoluit,
1428 2118 1484 2185 de

433 2234 498 2324 cipi
516 2259 552 2302 ss
572 2237 659 2324 passi
681 2246 756 2303 sunt
776 2246 813 2303 ut
835 2235 1000 2304 Catullum
1020 2258 1095 2303 eum
1115 2236 1263 2322 Vergilio
1284 2236 1484 2303 carminibus

431 2354 496 2420 iam
523 2352 682 2441 insignem
710 2352 847 2441 gloriam
875 2354 994 2441 adepto
1023 2354 1244 2419 familiaritate
1272 2353 1483 2419 coniunctum

431 2470 533 2537 fnisse
553 2470 749 2537 crederent:
771 2469 858 2559 quod
880 2471 1039 2552 siluarum
1054 2479 1149 2553 esset,
1171 2479 1268 2558 poeta
1281 2468 1486 2536 Veronensis

432 2586 517 2656 ultra
536 2597 684 2677 tempore
698 2587 920 2655 triumuiratus
941 2585 1072 2653 alterius
1093 2586 1237 2652 uixisset
1266 2586 1390 2652 maiore
1411 2587 1485 2653 ueri

435 2704 542 2792 specie
570 2727 636 2770 non
663 2704 742 2771 nulli
769 2705 831 2770 uiri
862 2704 949 2771 docti
976 2727 1018 2770 ex
1049 2704 1191 2772 carmine
1224 2704 1484 2790 undetrigesimo

435 2819 598 2888 Catullum
625 2822 744 2888 bellum
773 2822 907 2909 Pompei
938 2831 971 2887 et
992 2820 1142 2889 (laeseris
1164 2821 1259 2888 ciuile
1280 2821 1399 2889 uidisse
1420 2823 1485 2888 eibi

433 2937 494 3003 nisi
515 2948 590 3004 sunt
611 2937 832 3004 demonstrare
853 2959 948 3026 posse
967 2963 976 3005 ε
997 2959 1062 3025 qua
1082 2939 1116 3004 in
1138 2959 1174 3004 re
1186 2959 1243 3004 eos
1259 2959 1384 3004 errasse
1398 2938 1485 3004 infra

434 3056 467 3120 in
490 3055 594 3142 capite
613 3077 674 3120 viru
696 3054 878 3143 adparebit.
921 3055 978 3121 sed
1007 3077 1118 3122 omnes
1138 3053 1319 3121 incredibili
1342 3055 1485 3144 quadam

433 3173 644 3260 peruersitate
664 3170 830 3258 Scaliger,
852 3173 904 3238 uir
924 3174 987 3238 hac
1007 3173 1042 3238 in
1061 3195 1098 3238 re
1118 3173 1215 3260 plane
1237 3174 1287 3238 sui
1307 3171 1485 3257 dissimilis,

434 3288 608 3376 superauit,
628 3299 664 3356 ut
679 3299 756 3378 pote
770 3291 826 3376 qui
840 3289 874 3355 in
894 3287 1228 3355 animaduersionibus
1249 3290 1290 3355 ad
1306 3290 1486 3356 Eusebium

437 3428 469 3493 p.
494 3405 554 3471 156
575 3427 704 3472 carmen
725 3428 837 3472 xxxuu
859 3405 983 3472 Dionae
1008 3407 1104 3493 pueri
1128 3407 1242 3494 integri
1259 3428 1319 3493 pro
1341 3406 1486 3473 carmine

437 3521 603 3604 saeculari,
625 3545 821 3610 quamquam
844 3545 886 3588 ne
908 3525 1044 3590 uerbum
1068 3511 1203 3612 quidem
1219 3522 1265 3588 ibi
1290 3523 1331 3588 de
1352 3523 1485 3590 saeculo

436 3637 558 3723 legitur
580 3639 635 3723 tos.
657 3637 1034 3706 Theodorus.Msreilins
1055 3641 1087 3704 in
1110 3639 1285 3705 asterismis
1304 3662 1337 3727 p.
1350 3641 1370 3704 8
1384 3639 1487 3708 Bent-

436 3753 517 3818 leius
545 3753 577 3819 in
606 3755 804 3841 praefatione
833 3756 873 3821 ad
905 3756 1078 3823 Horatium
1105 3779 1137 3844 p.
1166 3780 1222 3822 xro
1250 3755 1301 3822 ed.
1324 3757 1413 3844 Lips.
1437 3758 1486 3824 M.

437 3869 600 3959 Hauptius
620 3869 652 3937 in
679 3870 904 3959 quaestionum
926 3872 1183 3939 Catullianarum
1204 3896 1238 3961 p.
1261 3874 1327 3957 14),
1348 3874 1488 3940 baberet

437 3995 470 4052 et
490 3986 523 4052 in
544 3986 638 4052 ludos
659 3989 840 4054 saeculares
862 3989 904 4054 ab
926 3991 1077 4076 Augusto
1098 4011 1183 4055 anno
1204 3989 1320 4066 737117
1343 3989 1489 4056 celebra·

437 4111 500 4182 tos,
533 4101 649 4190 quibus
670 4103 825 4170 Horatius
847 4127 939 4170 suum
963 4129 1091 4173 carmen
1113 4108 1279 4173 saeculare
1299 4106 1489 4191 destinauit,

438 4217 592 4306 scriptum
612 4241 682 4286 esse
703 4221 925 4290 arbitraretur.
963 4224 1043 4289 baec
1066 4223 1175 4291 omnia
1194 4244 1360 4290 moramur
1379 4223 1488 4292 nibil:
