3342 5200
312 622 363 673 352
613 618 690 669 XIIII
719 617 767 667 Du
787 616 944 668 CARMINE
961 617 1062 669 LXVII

313 780 377 852 sus'
397 787 449 851 uel
471 780 643 850 ‘mortuue'.
687 786 834 850 omnibus
849 783 1024 849 Homerica
1041 783 1095 848 illa
1115 779 1178 847 ὁδ’
1192 778 1226 847 ἐν
1240 772 1365 870 κονίῃρι

313 898 479 988 reveren,
510 897 568 967 ἐπὶ
597 900 697 984 χθονὶ
724 906 810 967 κεῖτο
834 897 1010 976 τανυσθείς
1040 901 1155 966 similia
1176 910 1255 966 nota
1277 909 1362 965 sunt.

313 1030 484 1107 praeterea
512 1041 553 1084 ex
575 1019 700 1085 Latinis
724 1018 931 1084 conferantur
951 1018 1090 1104 Vergilii
1112 1017 1275 1083 Aeneidos
1297 1039 1362 1082 vnn

312 1135 373 1201 587
396 1136 470 1222 Ipse
497 1148 542 1201 ter
569 1135 706 1200 adducta
729 1135 845 1199 circum
867 1147 958 1220 caput
978 1136 1041 1222 epit
1060 1135 1179 1200 berbena
1201 1137 1244 1199 Et
1262 1138 1362 1199 media

313 1254 441 1318 aduersi
465 1250 631 1339 liquefacto
652 1263 790 1337 tempora
809 1251 931 1337 plumbo
952 1250 1092 1337 Diffidet
1111 1276 1150 1316 ae
1172 1254 1265 1315 multa
1286 1275 1360 1336 por-

312 1381 424 1433 rectam
439 1370 566 1432 extendit
578 1367 706 1448 boreae,
723 1366 851 1431 Horatii
866 1366 991 1453 epodon
1009 1367 1048 1431 10
1062 1368 1101 1430 21
1124 1367 1234 1452 Opr'mc
1250 1368 1366 1453 quodni

312 1488 431 1570 praeda
462 1506 555 1549 carno
582 1484 668 1549 litore
698 1484 846 1547 Porrecto
878 1506 995 1571 merqor
1030 1486 1167 1561 luceria,
1201 1484 1358 1550 Martialis

313 1602 582 1689 epigrammatum
605 1621 670 1663 vuu
692 1598 732 1663 85
753 1598 955 1685 Lcnquc'dr'or
981 1612 1078 1664 noster
1106 1602 1141 1665 ei
1164 1604 1287 1687 quondo
1315 1613 1358 1664 eat

313 1717 444 1797 Paulas,
467 1716 561 1792 Aeli,
581 1714 653 1781 Non
667 1740 710 1791 ee,
732 1717 887 1781 conuiuae
900 1716 1030 1781 abstinet
1043 1717 1095 1781 elle
1109 1741 1190 1781 euos.
1232 1718 1276 1781 lu
1290 1718 1357 1782 Iura·

310 1856 407 1919 quere
440 1832 568 1919 quidem
599 1833 694 1897 rubeto
710 1837 850 1919 fictoque
870 1834 1002 1916 laboras,
1035 1833 1099 1898 Sed
1124 1858 1192 1899 mea
1219 1836 1360 1919 porrexit

313 1949 464 2036 sportolo,
497 1949 613 2027 Paule,
644 1950 751 2035 pedes.
791 1950 911 2034 (Persii
940 1960 1069 2016 saturae
1095 1951 1116 2015 3
1147 1950 1207 2016 103
1228 1954 1359 2016 tandem-

313 2090 372 2153 que
394 2067 525 2131 beatulus
546 2069 604 2132 olto
627 2066 811 2153 Conpositae
839 2069 915 2133 lecto
944 2073 1116 2153 cruenteque
1143 2070 1254 2131 latetur
1278 2092 1361 2132 amo·

311 2184 374 2248 me'a
395 2182 574 2267 lopertum
596 2186 713 2273 ripidur
734 2187 832 2249 ealcea
855 2186 1008 2268 extendit).
1050 2206 1108 2249 nec
1136 2184 1250 2248 dubito
1281 2187 1359 2273 quin

311 2300 345 2364 in
377 2296 446 2365 Ser.
479 2297 614 2388 Sulpicii
641 2300 682 2365 ad
710 2300 899 2366 Ciceronem
931 2302 1069 2388 epistula
1097 2306 1152 2386 (uu
1179 2305 1201 2369 5
1228 2304 1264 2385 4)
1293 2303 1359 2367 bem

311 2440 365 2481 noa
384 2416 559 2481 homunculi
584 2418 809 2505 redimamur,
842 2420 874 2484 ci
901 2420 972 2505 quir
1001 2432 1134 2484 acerum
1165 2422 1281 2485 interiet
1308 2434 1360 2484 out

312 2535 430 2598 occiana
459 2544 516 2615 ert,
548 2557 677 2621 quorum
699 2540 761 2600 arlo
783 2536 904 2602 breurbr
923 2559 987 2601 care
1008 2536 1102 2620 debet,
1123 2560 1195 2602 eam
1214 2561 1275 2603 uno
1295 2540 1359 2603 loco

312 2663 351 2714 tot
371 2654 510 2737 oppidum
532 2654 687 2716 cadauera
706 2654 847 2738 proiecta
868 2655 994 2719 iacent?
1025 2677 1084 2742 pro
1097 2657 1248 2740 proiecto,
1270 2655 1357 2741 quod

310 2776 444 2856 propter
473 2774 551 2833 iacet
581 2767 722 2834 uicinum
755 2769 920 2856 displicet,
950 2785 1091 2856 porrecta
1123 2771 1357 2838 emendandum

311 2883 360 2948 sit.
384 2921 419 2931 —
444 2884 530 2968 Nos,
559 2885 680 2951 utiam
708 2909 806 2974 supra
828 2887 1057 2972 iudicauimus,
1087 2889 1222 2955 Balbum
1245 2912 1357 2955 uersus

309 3001 396 3067 tertii
423 3013 456 3068 et
484 3001 660 3069 Caecilium
681 3026 795 3071 uersus
823 3005 900 3070 noni
928 3028 1027 3070 unum
1055 3005 1156 3072 fuisse
1183 3007 1355 3089 hominem,

311 3117 487 3184 Caecilium
519 3118 679 3204 Balbum,
714 3121 879 3188 adulterae
909 3121 995 3187 illius
1027 3123 1165 3188 feminae
1195 3121 1356 3205 maritum,

309 3234 529 3301 existimantes
558 3238 603 3302 sic
631 3237 698 3302 fere
728 3261 839 3303 uersus
859 3238 981 3325 priores
1004 3261 1172 3304 censemus
1194 3241 1356 3327 explican-

310 3351 367 3417 dos
390 3373 467 3417 esse.
500 3363 596 3440 poeta
617 3376 659 3419 ex
676 3355 773 3419 ianua
788 3355 948 3442 quaesiuit
962 3379 1020 3419 cur
1034 3356 1114 3443 ipsa,
1130 3377 1224 3442 quae,
1246 3378 1355 3442 quam-

309 3467 365 3533 diu
394 3469 502 3535 senilis
532 3492 696 3556 possessor
717 3471 844 3537 aedium
873 3471 997 3537 uiueret
1025 3473 1200 3560 sedemque
1221 3483 1355 3555 teneret,

309 3585 442 3654 Caecilii
463 3587 555 3652 Balbi
586 3611 605 3652 a
632 3609 709 3653 sene
735 3589 769 3652 in
791 3587 923 3653 domum
949 3589 1071 3677 recepti
1093 3592 1146 3674 (eo
1169 3590 1254 3676 quod
1277 3589 1356 3653 nihil

308 3704 437 3769 sceleris
460 3714 493 3769 et
513 3704 635 3791 flagitii
649 3705 682 3768 in
703 3704 831 3771 domum
854 3705 1049 3788 admisisset)
1078 3708 1205 3772 fidelem
1227 3729 1354 3771 seruam

307 3841 342 3884 se
362 3820 576 3907 praebuisset,
605 3842 701 3907 quam
728 3819 867 3908 primum
886 3833 961 3909 post
981 3823 1066 3888 senis
1088 3823 1249 3888 testatoris
1272 3845 1355 3888 mor·

307 3947 372 4002 tem
393 3938 548 4004 maritalis
574 3939 660 4004 facta
682 3948 766 4019 esset
788 3941 900 4022 (ianua
920 3945 1027 4004 moreto
1048 3970 1088 3995 =
1110 3941 1218 4006 domur
1244 3947 1353 4004 marita

307 4054 392 4139 apud
413 4053 542 4120 Liuium
571 4077 659 4120 xxvn
685 4056 756 4138 31),
785 4057 869 4121 uotis
905 4079 980 4121 erae
1007 4079 1111 4123 nouae
1136 4057 1229 4144 inpiis
1258 4057 1352 4123 oboe

308 4169 398 4234 diens
433 4179 530 4256 atque
564 4171 716 4259 nequitiis
751 4171 944 4259 turpissimis
982 4185 1101 4261 patens
1137 4172 1234 4238 fidem
1277 4174 1351 4238 olim
