3342 5200
196 637 276 688 xlm
310 635 356 688 DE
374 632 512 688 mano
530 631 722 696 TORQVATO
739 633 787 684 ET
803 631 904 685 VIMA
923 633 1169 685 lvavacvma
1195 637 1246 688 339

196 825 296 891 quum
316 801 490 878 Manlium,
519 797 616 864 filiam
636 799 747 864 fratria
767 799 816 864 sui
838 799 993 887 panuclis
1018 799 1057 865 T.
1077 799 1246 888 Torquati,

195 919 229 985 in
256 917 496 984 matrimonium
524 915 655 982 duxisse
684 917 811 982 scimus.
869 925 1010 982 cetorum
1043 918 1123 983 hacc
1160 939 1246 1007 quac

195 1036 237 1100 dc
267 1045 373 1102 astato
403 1035 445 1100 A.
474 1032 632 1121 Torquati
665 1031 874 1100 disseruimus
907 1033 1051 1121 epistulis
1092 1044 1247 1122 quattuor

196 1152 255 1238 (ad
283 1151 383 1218 famil.
415 1173 446 1216 vr
481 1151 608 1235 1-4),
642 1149 759 1238 quibus
792 1147 909 1216 Oicsro
940 1151 1076 1216 cundum
1108 1152 1246 1217 Athonis

197 1269 355 1357 Pompeio
398 1269 485 1334 uicto
527 1267 654 1333 axulcm
697 1289 782 1332 anuo
825 1267 942 1345 tostas
984 1267 1142 1332 consolari
1182 1278 1246 1334 stu·

197 1387 284 1470 duit,
315 1385 433 1473 optimo
459 1386 700 1450 confirmantur.
750 1405 824 1448 cum
852 1385 936 1449 cuim
964 1407 1009 1449 ax
1037 1383 1245 1472 epistularum

197 1502 311 1570 harum
334 1513 370 1569 ut
390 1503 436 1568 ita
457 1500 561 1570 dicam
582 1501 695 1566 habitu
710 1499 901 1567 Ciceronem
915 1522 981 1567 uon
996 1523 1068 1566 cum
1083 1502 1153 1566 uiro
1166 1503 1246 1567 mal·

196 1620 240 1686 tis
262 1619 353 1686 annis
376 1642 410 1686 sc
431 1629 511 1684 natus
536 1619 661 1684 minora
682 1618 741 1684 ssd
763 1641 835 1684 oum
857 1620 928 1683 uiro
949 1617 1009 1684 sibi
1029 1619 1097 1684 fera
1118 1619 1247 1707 aequali

198 1737 405 1804 conlocutum
426 1755 497 1802 sssc
516 1733 692 1818 uideamus,
714 1735 856 1800 rationes
878 1757 959 1822 quas
978 1734 1074 1800 modo
1095 1734 1248 1802 subduxi·

198 1875 270 1918 mus
290 1850 387 1916 ualde
406 1837 683 1916 commendantur.
727 1851 759 1914 in
780 1849 891 1937 primis
911 1851 965 1916 hic
984 1851 1073 1917 locus
1088 1874 1153 1940 quo
1167 1851 1247 1916 Tor·

199 1977 334 2057 quatum
355 1966 462 2034 Tullio
485 1976 593 2034 aetate
614 1989 786 2054 supparem
814 1967 915 2033 fuisso
937 1977 1153 2054 cognoscatur
1174 1989 1247 2034 cou-

199 2084 354 2151 sulcndus
385 2094 436 2150 cst
467 2083 523 2168 (ad
551 2084 626 2150 lam.
655 2107 685 2150 vr
709 2085 730 2148 4
750 2085 817 2166 4):
846 2084 958 2150 danda
988 2083 1072 2170 quad
1100 2086 1180 2150 ms‘lu'
1202 2084 1252 2178 ad·

78 2213 79 2222 ’
198 2203 437 2268 mactationem
459 2224 616 2266 commuue
637 2214 736 2266 usura
756 2213 809 2282 est,
832 2206 860 2266 si
877 2207 939 2266 s'am
958 2225 1052 2266 socer
1070 2200 1117 2267 ad
1135 2203 1248 2266 aarum

198 2323 296 2402 ustas,
321 2343 381 2384 aaa
405 2319 447 2383 ab
471 2342 508 2382 ea
533 2341 569 2382 re
597 2318 722 2402 publica
748 2319 866 2382 castior
900 2341 962 2404 qua
988 2321 1155 2383 carendum
1182 2341 1248 2382 arse

199 2437 333 2518 doleam,
361 2436 549 2520 pracsertim
579 2458 646 2500 cam
677 2434 716 2500 s'd
740 2436 805 2500 sinc
833 2435 899 2500 utto
923 2459 1016 2500 senaa
1040 2434 1183 2520 futrum
1204 2440 1248 2499 sia

199 2555 330 2619 adium
350 2531 444 2619 ctiam
464 2565 551 2617 astas
570 2563 597 2617 et
617 2565 688 2618 acta
707 2557 770 2617 ium
791 2553 869 2635 aito,
890 2575 968 2639 quam
988 2575 1056 2617 cam
1076 2575 1171 2618 cam
1191 2575 1248 2618 sao

200 2672 273 2737 borsa
294 2669 435 2755 confecto
456 2669 638 2747 delectatur,
668 2680 731 2734 tam
752 2680 833 2734 astat
853 2674 886 2734 irs
907 2693 940 2734 so
960 2671 1023 2734 aim
1043 2670 1149 2734 timere
1176 2692 1248 2755 quo

200 2813 273 2853 aas
305 2788 384 2852 iam
415 2800 557 2851 natura
588 2788 682 2871 ipsa
711 2809 843 2871 poeno
866 2786 1112 2871 perdurarit.
1163 2808 1249 2853 auno

198 2915 306 2970 autcm
329 2904 461 2985 709145,
490 2926 555 2989 quo
578 2902 694 2970 Gicoro
715 2902 795 2967 hacc
817 2901 956 2990 scripsit,
978 2902 1048 2989 ipsc
1069 2901 1194 2967 Tullius
1216 2911 1249 2969 st

198 3020 341 3088 Manlius
372 3021 487 3086 astatis
519 3044 638 3085 annum
668 3018 909 3106 sexagesimum
939 3020 1005 3085 iam
1034 3028 1249 3085 excusserant

199 3139 347 3206 uidemus
374 3137 476 3224 igitur
497 3136 673 3204 Krcbsium
700 3146 769 3202 tota
798 3158 834 3201 rs
861 3158 986 3201 errasse
992 3185 1002 3218 ,
1035 3158 1110 3201 cum
1139 3135 1251 3200 uidcn·
1358 3129 1360 3135 ’

78 3320 79 3325 ,
200 3257 276 3322 dum
305 3276 375 3321 osse
407 3254 489 3319 dixit
519 3277 560 3319 us
587 3255 683 3337 huius
702 3253 832 3342 nuptias
856 3224 1001 3319 Catullus
1031 3255 1173 3318 carmina
1194 3272 1249 3317 uxr

200 3372 422 3439 celebrauerit
476 3393 582 3459 usquc
609 3372 648 3437 T.
676 3371 876 3457 Torquatum
909 3392 989 3435 cum.
1011 3392 1108 3458 quom
1136 3367 1252 3436 Cicero

199 3513 259 3579 pro
276 3491 435 3556 Deiotaro
451 3490 505 3572 (11
522 3488 578 3575 32)
592 3484 758 3577 ‘optimum
773 3476 1026 3554 adulcscsntsm'
1039 3484 1219 3551 nominauit
1233 3507 1253 3548 a

200 3605 330 3673 Catullo
344 3605 551 3694 designatum
567 3628 637 3671 caso
648 3616 826 3694 temporum
839 3606 980 3671 rationes
990 3602 1122 3669 orcdsrs
1131 3602 1250 3667 sinum.

78 3772 79 3785 ,
201 3746 276 3789 nam
299 3723 419 3811 nuptiis
440 3722 525 3807 sius,
552 3723 607 3811 qui
628 3746 713 3789 anuo
735 3723 855 3799 tostas
874 3722 1063 3789 adulascsus
1084 3718 1161 3798 tuit,
1192 3718 1253 3785 Oa

201 3840 317 3907 tullum
331 3841 514 3907 interfuisse
528 3864 647 3928 sasque
663 3841 804 3906 carmina
818 3838 1033 3905 calabrauissc
1051 3835 1253 3924 inprobabils

200 3969 261 4023 sat.
313 3957 421 4046 itaque
453 3968 612 4046 quotquot
643 3955 783 4022 Manlios
812 3956 997 4042 Torquatos
1031 3955 1254 4040 cognouimus‚

200 4096 286 4139 unus
307 4073 394 4139 solus
415 4072 549 4161 reperiri
571 4095 666 4161 posse
687 4074 817 4139 uidetur
838 4071 929 4138 cuius
949 4083 1097 4158 tempora
1116 4070 1163 4136 ita
1183 4092 1255 4135 cum

202 4189 396 4257 Catulliauis
415 4201 602 4277 congruant
615 4201 652 4257 ut
666 4193 698 4256 in
714 4189 782 4256 sius
796 4191 949 4257 honorem
965 4188 1114 4255 Catullus
1127 4210 1257 4255 oarmau

982 4289 1025 4353 22
1039 4291 1057 4330 a
