3342 5200
409 639 458 688 144
681 635 718 688 VI
752 637 800 688 DE
817 635 998 690 AMOBIBVS
1016 637 1172 690 cervam

407 803 584 869 mamae
604 803 665 869 tibi
681 827 729 869 mc
749 827 787 869 uc
808 827 892 875 mooe
912 827 1034 870 amorre
1056 827 1112 870 xvr
1135 804 1291 871 Pedicabo
1317 828 1371 890 eqo
1391 827 1448 871 uos

407 933 435 986 et
454 921 618 987 infirmabo
638 943 695 986 xm
717 921 832 987 Aureli
847 934 938 1008 peter
958 922 1156 987 emreiebmem
1175 944 1250 987 xxm
1272 921 1372 998 Furi,
1395 922 1454 987 cui

406 1061 628 1126 aequarentur
649 1050 695 1103 eet
714 1061 808 1125 nemea
827 1063 905 1104 arca
925 1060 1004 1104 xxvi
1025 1037 1110 1104 Furi
1132 1039 1228 1104 adela
1253 1051 1356 1104 nostra
1387 1063 1449 1105 noa

406 1157 450 1222 ad
468 1157 585 1222 Arari
603 1154 741 1244 denique
763 1155 804 1221 ad
825 1156 970 1222 homines
992 1156 1123 1222 eosdem
1143 1177 1274 1222 carmen
1297 1179 1331 1222 κ(
1350 1156 1450 1244 scrip

406 1283 475 1340 tun
497 1282 564 1357 est,
586 1272 627 1340 de
649 1294 714 1361 quo
736 1274 799 1340 iam
821 1296 919 1362 supra
940 1276 986 1362 (p.
1009 1273 1084 1360 128)
1105 1294 1170 1339 non
1192 1273 1282 1340 nulla
1302 1275 1450 1360 exposui·

406 1413 489 1456 mus.
532 1412 574 1456 ex
594 1391 789 1456 carminibus
816 1390 859 1456 ad
878 1390 1064 1457 quentium
1090 1390 1217 1479 seriptis
1243 1393 1319 1475 (nec
1341 1390 1449 1455 minus

407 1531 449 1576 ex
470 1507 611 1574 carmine
632 1527 688 1576 avr
713 1508 823 1574 Orem
844 1508 1025 1586 ridiculam,
1058 1507 1148 1592 Coto,
1183 1520 1211 1573 et
1229 1510 1382 1591 iocosam,
1414 1508 1450 1572 in

406 1648 471 1714 quo
493 1633 641 1713 stuprum
657 1625 938 1692 obscaeniseimum
959 1646 1027 1691 ase
1042 1625 1114 1714 ipso
1134 1647 1207 1690 cum
1220 1626 1362 1691 masculo
1377 1647 1449 1712 per

406 1754 567 1834 patratum
601 1743 718 1810 Catoni
751 1742 898 1811 Catullus
932 1754 972 1811 ut
1008 1743 1049 1808 de
1077 1743 1186 1810 iocosa
1214 1751 1247 1807 et
1276 1741 1383 1828 lepida
1413 1763 1450 1806 re

405 1863 548 1950 glorians
576 1861 714 1945 rettulit)
743 1860 888 1926 uidemus
914 1859 1077 1927 Catullum
1104 1882 1124 1924 a
1147 1859 1281 1924 crimine
1308 1858 1449 1924 Veneris

405 1989 626 2045 monstruosae
660 2001 727 2044 non
759 1977 864 2066 magis
904 1999 1001 2066 quam
1031 1975 1204 2043 Horatium
1234 1974 1384 2060 Ligurini
1415 1984 1449 2042 et

404 2095 533 2184 Lycisci
554 2106 728 2163 amatorem
748 2096 801 2162 uel
815 2095 980 2161 Tibullum
995 2093 1051 2183 qui
1064 2093 1207 2160 Marathi
1226 2091 1317 2179 pueri
1338 2114 1448 2158 amore

405 2212 540 2302 deperiit
570 2212 700 2279 liberari
720 2234 825 2300 posse.
869 2234 1006 2301 quorum
1027 2211 1175 2298 exemplo
1196 2209 1296 2276 libido
1318 2209 1374 2275 illa
1393 2231 1448 2274 ne-

405 2331 503 2398 fanda
531 2331 627 2397 etiam
655 2331 682 2398 si
710 2354 775 2396 non
808 2329 940 2417 probari
975 2339 1084 2395 tamen
1117 2328 1257 2416 quodam
1284 2326 1381 2393 modo
1412 2327 1448 2392 in

405 2449 533 2516 Catullo
555 2448 703 2514 excusari
717 2456 833 2536 potest.
876 2470 951 2513 nam
970 2469 1042 2512 cum
1057 2467 1118 2512 nec
1131 2445 1297 2524 Horatius,
1318 2465 1448 2510 morum

404 2566 482 2635 satis
510 2587 643 2633 seuerus
677 2563 846 2653 magister,
886 2586 948 2631 nec
975 2564 1144 2648 Tibullus,
1176 2572 1273 2652 poeta
1290 2562 1448 2629 'omnium

404 2683 600 2751 castissimus
630 2692 663 2749 et
684 2682 870 2749 adfectuum
891 2682 1153 2748 suauissimorum
1174 2682 1352 2769 interpres,
1384 2680 1448 2745 illis

403 2800 618 2890 reipublicae
640 2800 807 2867 Romanae
832 2800 1033 2889 temporibus
1059 2798 1308 2888 corruptissimis
1329 2797 1370 2863 ab
1388 2796 1448 2863 illa

402 2919 601 3007 turpitudine
628 2918 773 3005 integros
803 2928 835 2985 et
861 2919 998 2984 intactos
1019 2940 1053 2984 se
1074 2903 1448 2998 seruare‘sustinuerint,

405 3039 477 3126 quis
506 3037 539 3103 in
568 3036 712 3120 Catullo,
742 3034 799 3123 qui
828 3044 944 3101 natura
965 3035 1006 3101 ad
1026 3034 1125 3101 animi
1146 3009 1179 3101 et
1197 3034 1341 3121 corporis
1361 3032 1450 3117 cupi·

404 3154 521 3220 dilates
543 3163 576 3221 et
595 3153 744 3219 libidines
765 3153 905 3219 ferocior
926 3162 996 3218 erat
1016 3161 1050 3219 et
1069 3150 1340 3239 intemperantior,
1367 3149 1449 3215 illud

403 3271 534 3355 uitium,
566 3272 618 3336 eui
638 3271 821 3359 aequalium
851 3270 919 3337 eius
947 3269 1198 3336 innumerabiles
1224 3266 1448 3353 indulgebant,

404 3390 556 3476 aequiore
577 3389 682 3455 animo
704 3361 905 3455 non'ferat‘?

487 3504 634 3573 Catullus
654 3506 754 3592 igitur
773 3502 990 3593 pulcritudine
1011 3502 1153 3569 quentii
1174 3510 1287 3590 ceptus
1304 3501 1448 3567 maximo

404 3624 496 3711 pueri
535 3623 700 3689 osculandi
732 3621 892 3689 desiderio
922 3622 1002 3687 arsit
1029 3620 1085 3705 (cf.
1115 3640 1244 3686 carmen
1271 3620 1448 3704 xxxxvm).

404 3763 468 3828 quo
490 3739 639 3807 incensus
661 3762 733 3805 eum
753 3762 853 3828 puero
876 3739 1021 3806 osculum
1041 3737 1256 3827 surripuisset,
1277 3735 1448 3803 quentius

403 3867 519 3945 poetae
547 3858 648 3924 amori
675 3880 784 3924 amore
810 3879 875 3924 non
900 3856 1097 3945 respondens
1117 3856 1158 3922 ad
1179 3854 1308 3920 modum
1330 3854 1449 3919 durum

404 3996 439 4041 se
461 3974 590 4061 gessit:
612 3998 676 4064 qua
707 3975 747 4041 de
780 3996 816 4040 re
844 3965 1059 4064 querimonias
1088 3972 1211 4039 flebiles
1241 3971 1276 4037 in
1304 3972 1449 4039 carmine

404 4112 584 4160 Lxxxxvrnr
607 4091 751 4159 Catullus
772 4090 938 4159 effundit:
