3342 5200
417 623 449 673 lt
700 616 723 667 V
759 616 806 669 DE
824 614 1003 669 autumnus
1020 613 1174 667 cuuvum

418 796 504 853 suut.
548 784 695 855 Catullus
721 784 800 851 Allii
823 784 864 851 de
885 804 996 849 amore
1016 805 1075 850 aue
1102 779 1216 849 merita
1236 790 1331 867 grata
1353 779 1468 847 anime

419 902 650 984 celebraturus,

523 1076 590 1117 eum
605 1058 727 1133 tasum,
741 1050 854 1140 inquit,
865 1054 1003 1117 arderem
1015 1054 1138 1135 (amore
1152 1050 1304 1132 Lesbiae)
1320 1061 1468 1135 querutum

1082 1168 1251 1232 liineera'u
1270 1190 1362 1252 rupes

565 1288 748 1373 lympllnque
769 1291 801 1351 in
825 1286 951 1350 Oetaes's
972 1285 1072 1349 Melan
1098 1283 1324 1369 lbermopylis,

516 1416 633 1469 maeste
654 1425 748 1489 neque
769 1402 903 1467 adsidue
922 1405 1070 1466 tabescere
1093 1403 1211 1466 luminu
1224 1400 1312 1486 fletu

566 1532 723 1585 cessarent
741 1522 877 1607 lrulr'que
897 1519 994 1583 imbre
1014 1518 1138 1583 medere
1154 1542 1261 1604 qenes,

416 1670 521 1737 Allius
550 1670 669 1736 auxilio
700 1670 778 1735 mibi
807 1670 939 1735 ueniens
967 1670 1094 1735 demum
1124 1694 1214 1735 suam
1244 1668 1322 1735 mihi
1345 1670 1467 1735 obtulit

419 1788 452 1853 in
472 1810 568 1874 quam
591 1810 654 1874 ego
672 1798 705 1853 et
718 1786 839 1853 Lesbia
853 1788 894 1851 ud
908 1786 1077 1851 fruendum
1099 1787 1216 1851 amoris
1238 1787 1467 1874 uoluptatibus

416 1906 671 1981 conueniremus‚
693 1902 748 1988 (ef.
771 1923 870 1967 vatu
892 1904 1026 1968 51-56.
1046 1903 1195 1984 66-72).
1227 1913 1343 1990 poetae
1365 1904 1466 1986 enim,

418 2047 490 2089 eum
512 2022 645 2106 Metelli,
667 2020 727 2086 uiri
741 2019 932 2109 grauissimi,
954 2043 1068 2085 caussa
1082 2018 1217 2086 Clodiae
1232 2020 1360 2085 demum
1375 2020 1465 2086 intro

417 2140 463 2205 ire
475 2164 540 2206 non
555 2138 699 2221 auderet,
720 2136 845 2202 occasio
862 2136 929 2202 eius
944 2137 1186 2203 conueniendae
1201 2137 1320 2203 deerat
1347 2138 1403 2202 sed
1419 2139 1465 2203 eb

416 2256 479 2322 hoe
500 2255 641 2321 carmine
657 2262 769 2320 Luvtub
783 2254 947 2320 discedere
968 2278 1033 2318 non
1053 2278 1222 2342 possumus
1244 2267 1340 2319 antea
1362 2279 1466 2343 quum

417 2376 456 2441 de
489 2374 558 2439 eius
590 2394 686 2437 uersu
718 2372 779 2436 142
805 2395 911 2460 peuce
942 2371 1147 2437 disseruimus
1177 2374 1304 2437 eauturi
1325 2396 1365 2436 ne
1388 2373 1465 2460 quis

417 2514 512 2558 uersu
541 2489 595 2554 illo
626 2490 710 2554 mule
739 2490 903 2554 intellecto
933 2488 972 2554 de
1005 2490 1141 2554 ueritate
1162 2490 1341 2555 sententiae
1363 2512 1467 2575 quem

418 2611 458 2676 de
490 2606 609 2674 Lesbia
638 2609 917 2694 pronuntiauimus
948 2605 1079 2672 dubitet
1121 2606 1343 2674 Broukbusius
1376 2609 1466 2673 enim

418 2728 459 2793 ad
490 2723 611 2793 Catulli
631 2746 653 2787 v
678 2726 694 2788 1
717 2726 762 2802 (u.
784 2723 949 2788 Huschkii
970 2724 1063 2790 anull
1092 2723 1153 2789 litt.
1174 2746 1206 2811 p.
1229 2725 1284 2808 37)
1314 2726 1463 2790 Lesbiam

417 2844 462 2910 ait
483 2842 585 2906 uolunt
607 2865 671 2906 esse
694 2841 833 2907 Uedium
855 2842 980 2906 Metelli
999 2842 1130 2916 Celeris,
1162 2826 1247 2928 qued
1267 2867 1346 2929 quae
1364 2856 1464 2908 uelem

417 2959 542 3024 eredere
564 2961 660 3023 multa
682 2969 763 3023 sunt.
806 2982 864 3044 que
885 2961 963 3024 enim
984 2958 1098 3041 reseres
1119 2959 1200 3024 allud

595 3094 763 3186 ‘regyratum
783 3101 907 3165 tremuli
925 3099 996 3166 tolle
1018 3102 1157 3187 parentis
1177 3096 1291 3166 enus'?

416 3257 448 3308 et
475 3245 506 3308 a's
532 3252 594 3307 ium
623 3243 696 3308 elim
717 3244 839 3308 obierat.
881 3252 914 3307 et
945 3241 986 3306 de
1016 3245 1117 3330 petris
1150 3241 1282 3308 Clodiae
1316 3252 1464 3330 tempore

416 3359 527 3425 mortis
548 3359 775 3426 Breukhusius
799 3369 886 3424 reete
914 3361 1043 3442 statuit,
1078 3382 1175 3446 quem
1197 3361 1230 3425 in
1251 3383 1370 3425 annum
1392 3361 1465 3427 fere

416 3475 533 3553 etesue
554 3473 704 3542 incidisse
725 3499 820 3564 supra
842 3475 1079 3542 udnetauimus.
1121 3476 1207 3542 unde
1222 3477 1306 3542 elere
1321 3476 1465 3544 efficitur

417 3603 462 3675 ut,
481 3592 554 3657 siin
568 3592 631 3656 boe
645 3615 741 3658 uersu
756 3591 894 3658 Lesbiae
908 3603 1002 3680 pater
1015 3617 1034 3659 a
1049 3592 1175 3659 Catullo
1192 3603 1464 3660 commemoratus

416 3718 517 3791 esset,
549 3710 708 3776 sententia
736 3731 831 3796 quam
859 3709 1058 3774 defendimus
1085 3718 1156 3774 tote
1175 3710 1345 3776 ebieiende
1366 3720 1462 3777 esset.

416 3833 450 3890 at
484 3824 561 3890 nibil
596 3826 635 3892 de
673 3827 719 3892 eis
754 3848 838 3911 quee
875 3825 1039 3893 docuimus
1069 3827 1285 3893 metuendum.
1340 3828 1463 3894 etenim

418 3944 565 4030 quemuis
593 3942 683 4007 loeus
713 3943 767 4008 ille
798 3943 963 4030 explicatu
994 3943 1047 4008 uel
1068 3944 1241 4010 emendutu
1263 3943 1464 4032 perdifficilis

418 4059 473 4140 sit,
503 4069 610 4125 temen
639 4083 736 4126 unum
759 4061 974 4126 certissimum
996 4070 1045 4126 est
1065 4060 1106 4124 de
1126 4072 1218 4147 putre
1239 4062 1379 4128 Lesbiae
1400 4062 1464 4130 Oe·

420 4177 536 4243 tullum
558 4177 646 4242 nullo
666 4177 761 4244 modo
776 4177 878 4244 uerba
891 4179 999 4244 fecere
1018 4177 1170 4267 petuisse.
1212 4201 1287 4245 nem
1301 4180 1466 4267 nequities
