3342 5200
602 627 680 679 x1111
714 628 762 679 Du
782 627 940 679 cenulae
957 627 1055 679 van

410 816 563 880 quamque
574 792 691 877 seruat
710 818 821 859 rareao
841 807 912 860 nato
933 794 1067 859 eerae'eee
1086 795 1232 883 malebat,

457 921 615 996 postquam
637 923 682 976 eet
697 924 839 997 porrecto
860 924 941 976 taeta
961 913 1078 977 marita
1099 934 1178 987 eene,

309 1026 420 1093 addita
434 1026 494 1091 hac
509 1026 724 1113 explicatione
743 1029 754 1101 (
757 1051 788 1115 p.
804 1031 905 1110 xvim)
920 1052 928 1092 ε
942 1051 1040 1093 carue
1058 1041 1139 1093 tacta
1160 1038 1205 1092 eat
1223 1051 1245 1091 a
1258 1027 1360 1093 Baldo

310 1165 413 1208 eoaero
435 1143 544 1225 eeae'lo’,
573 1145 659 1207 auiae
667 1146 757 1228 filiae
780 1142 943 1220 Caecilius,
964 1149 1091 1210 matutae
1112 1145 1203 1220 ιἸὶἰιιε,
1225 1148 1280 1230 qai
1297 1155 1359 1207 tum

309 1262 425 1324 tenebat
437 1260 568 1340 domum,
584 1261 699 1324 sterilia
712 1260 790 1344 suit.
824 1254 970 1344 ‘porrecta
984 1254 1062 1324 eeae’
1081 1284 1142 1325 aaa
1162 1272 1206 1324 eet
1225 1253 1360 1325 ‘mortuo'

309 1375 366 1441 aad
389 1369 582 1440 ‘aeoabaatd
626 1398 710 1463 quae
738 1375 921 1440 emendatio
953 1386 986 1440 et
1016 1376 1238 1463 interpretatio
1269 1375 1357 1441 nullo

309 1490 407 1557 modo
436 1491 513 1557 ferri
545 1501 660 1579 potest
704 1503 740 1558 ut
761 1514 861 1557 unum
882 1491 1083 1573 adnotemus,
1104 1492 1183 1558 illud
1199 1505 1358 1579 porrectae

309 1631 375 1675 non
397 1618 503 1696 potest
523 1608 568 1675 ita
589 1608 733 1696 intellegi
747 1619 784 1674 ut
798 1609 1019 1676 Rossbachius
1035 1609 1145 1675 uoluit
1169 1632 1254 1675 vnarn
1269 1632 1358 1675 num·

310 1749 407 1814 quam
426 1738 585 1811 porrectae
614 1736 664 1791 est
693 1729 858 1808 acaedam,
890 1726 947 1792 eed
974 1726 1099 1813 potius,
1128 1750 1201 1792 aum
1230 1728 1358 1814 proprie

310 1852 477 1908 extensum
501 1842 663 1928 significet
682 1852 715 1907 et
734 1842 881 1910 homines
901 1842 934 1907 in
959 1841 1108 1908 cubando
1129 1844 1357 1919 extendantur,

310 1959 458 2025 cubantis
478 1959 641 2025 interdum
663 1960 856 2024 sententiam
878 1959 976 2023 babet
997 1984 1004 2024 :
1026 1960 1066 2023 cf.
1090 1958 1187 2025 Statii
1207 1958 1359 2025 Achillei-

310 2076 368 2141 dos
390 2100 410 2141 ιι
434 2076 474 2140 75
494 2078 589 2140 ueluti
606 2076 655 2141 ille
676 2075 789 2140 mobilia
804 2077 942 2159 praedae
956 2075 1138 2141 Indubitate
1153 2089 1255 2141 teaeao
1268 2080 1358 2142 multo

309 2194 382 2279 leqo't
402 2216 483 2257 arua
505 2192 641 2258 Molosso
670 2193 815 2275 Venator,
844 2192 955 2257 uideat
981 2192 1075 2257 doner
1103 2196 1159 2256 aab
1185 2190 1358 2276 froade‘dae

308 2310 422 2375 bootem
454 2312 632 2375 Porrectum
671 2333 775 2373 somno
806 2314 980 2395 pooitooque
1013 2315 1043 2373 ia
1078 2314 1205 2395 caespite
1246 2312 1357 2391 dautes,

309 2426 438 2491 Horatii
464 2427 642 2491 carminum
666 2450 694 2490 ιιι
719 2427 757 2490 10
778 2426 799 2489 3
821 2426 1006 2491 Extremum
1031 2428 1154 2492 Tanain
1174 2428 1207 2491 oi
1235 2426 1356 2509 hiberae

309 2542 400 2629 Lyce,
422 2545 521 2609 Saeua
542 2556 637 2629 napta
658 2545 736 2620 aira,
757 2566 806 2608 aee
828 2555 924 2608 tamea
944 2567 1075 2629 erperae
1089 2546 1268 2610 Porreetam
1288 2556 1358 2610 aute

308 2660 393 2741 foria
414 2661 533 2725 obicere
552 2662 662 2726 iaoolio
683 2663 829 2726 Ploraree
846 2662 1056 2747 aquiloae‘buo,
1089 2671 1270 2727 saturarum
1295 2684 1314 2724 ιι
1336 2661 1358 2725 3

310 2777 371 2841 112
392 2779 426 2842 ei
443 2779 515 2863 qat'e
535 2777 580 2842 ad
600 2779 752 2865 iuuentem
764 2777 919 2864 frameati
935 2802 1054 2864 semper
1067 2801 1216 2843 aemma
1232 2778 1358 2844 Porrec-

309 2906 359 2958 tae
386 2893 489 2979 erodet
515 2918 579 2959 cum
609 2895 699 2982 loayo
728 2894 827 2977 fuste,
856 2895 1007 2960 Tibullus
1036 2896 1247 2982 elegiarumr
1275 2894 1358 2960 3⁶15

307 3021 526 3096 porrectaaque
544 3032 648 3075 aotam
668 3011 773 3095 Tityos
788 3034 846 3095 per
863 3012 974 3097 iaoera
991 3024 1092 3077 terrae
1110 3013 1274 3077 Adoidaae
1288 3024 1358 3076 atro

308 3128 432 3191 atraere
451 3131 549 3212 pascet
565 3150 647 3191 aueo.
683 3136 716 3191 at
737 3127 831 3192 huius
846 3127 1093 3213 significationis
1108 3129 1264 3209 hocloco,
1280 3150 1356 3216 quo,

309 3244 335 3306 ei
358 3265 400 3308 ex
416 3243 609 3309 Rossbachii
623 3254 731 3308 mente
745 3244 981 3330 intellegendus
996 3255 1089 3321 esset,
1111 3246 1270 3311 sententia
1283 3267 1357 3310 eon·

310 3360 480 3428 aumbendi
495 3361 563 3427 siue
579 3361 756 3430 accubendi
776 3362 889 3449 utique
904 3364 1133 3450 requireretur,
1155 3364 1262 3429 nullae
1280 3385 1357 3428 aeuo

308 3499 378 3542 esee
398 3487 512 3565 potest.
555 3480 689 3565 longum
711 3489 758 3544 est
779 3479 833 3543 illa
852 3489 911 3544 eat·
921 3481 1022 3545 multa
1041 3491 1074 3546 et
1091 3481 1209 3566 grume
1231 3500 1357 3544 enumo

308 3616 381 3659 rare
406 3616 490 3682 quae
519 3595 649 3682 insuper
676 3596 708 3660 in
742 3594 933 3661 lectionibus
968 3596 1217 3663 Rossbachianie
1252 3595 1357 3683 displi-

310 3720 394 3793 cent,
417 3712 569 3798 quoniam
591 3712 885 3797 fundamentoque
907 3711 975 3777 eiua
997 3710 1179 3777 emendatio
1193 3712 1358 3778 nitebatur

308 3827 467 3892 subducto
487 3827 614 3915 reliqua
635 3831 720 3895 ultro
744 3830 969 3896 caelabuntur.
1022 3852 1080 3895 nos
1102 3830 1203 3895 uerba
1218 3843 1358 3916 pot-reato

309 3968 381 4010 oeae
396 3945 441 4010 ita
462 3943 624 4031 explicare
637 3969 704 4011 non
719 3945 903 4013 dubitamus
923 3956 959 4011 ut
980 3945 1043 4011 iam
1061 3946 1136 4012 inde
1152 3970 1172 4012 a
1187 3946 1355 4034 Scaligero

308 4083 418 4128 omnes
439 4083 504 4125 unc
527 4061 727 4126 Rossbachio
757 4073 895 4150 excepto
926 4063 1127 4149 grammatici
1152 4063 1355 4151 interpretati

308 4188 392 4244 eunt
434 4171 554 4243 ‘senex'
575 4173 870 4265 enim‘perreetus‘
889 4190 940 4246 est
961 4177 1083 4246 ‘mortis
1102 4192 1233 4268 torpore
1247 4191 1357 4247 exten·
