3342 5200
469 620 495 673 V
528 622 577 675 DE
593 622 772 677 enomere
788 620 945 677 eamn
1191 626 1240 679 ut

94 861 99 872 Ι
191 788 246 855 illa
267 787 422 872 taberna,
455 788 496 854 ad
524 763 620 877 qnam
643 788 810 855 uisendam
842 810 926 877 copa
947 788 1082 879 Syriaca
1101 792 1243 859 inuitans

89 890 90 931 ³
191 906 275 972 inter
289 905 355 971 alia
367 917 413 971 eet
425 905 477 971 tie
490 904 597 993 inquit
610 908 725 973 mundo
738 906 842 992 Cerea,
857 908 1013 991 mann,
1028 922 1075 975 eat
1086 910 1243 979 Bromius.

193 1021 333 1109 praeiuit
354 1022 455 1109 igitur
477 1021 618 1109 quodam
650 1022 746 1089 mode
768 1021 884 1089 Clodia
906 1024 1056 1110 exemplo
1078 1048 1136 1094 auo
1155 1026 1241 1093 Mea·

194 1138 332 1221 salinae,
365 1138 460 1205 uxori
488 1138 568 1205 Diui
591 1136 734 1221 Claudii,
766 1138 894 1204 mulieri
921 1138 1171 1225 lamoniaaimae,
1203 1143 1244 1210 de

193 1277 256 1342 qua
278 1254 444 1323 quenalis
465 1256 499 1321 in
520 1264 630 1323 natura
651 1278 682 1323 vr
706 1256 766 1321 115
786 1256 867 1323 baec
888 1254 982 1342 dixit,

838 1430 994 1502 cuncto
1014 1433 1095 1497 cadi

293 1568 374 1633 pace
394 1546 503 1611 ntae.
547 1544 680 1611 dormire
700 1546 801 1611 aierem
824 1569 893 1612 cam
914 1561 1056 1613 aenaerot
1075 1572 1165 1634 neor,

293 1686 412 1729 acmen
433 1675 594 1729 nocramoc
615 1665 765 1729 mecurio
786 1666 929 1749 Auqorto
949 1664 1078 1729 meallen

293 1802 371 1844 aeuo
392 1778 539 1845 Polotr'no
560 1791 587 1843 ct
605 1790 727 1868 tapetem
747 1778 913 1867 praeferre
933 1781 1028 1845 cubili

292 1896 447 1982 linquebat
468 1900 572 1959 comite
593 1897 704 1960 ancillo
725 1919 783 1960 non
805 1896 942 1981 ampliare
962 1918 1035 1979 uno,

292 2024 321 2076 et
340 2012 466 2098 niprum
481 2013 569 2095 flauo
590 2013 706 2077 crr'rrern
727 2012 937 2078 abscondente
953 2011 1064 2099 palere

290 2131 423 2195 intrauit
444 2130 572 2195 calidum
591 2132 690 2196 oderi
708 2142 832 2197 centone
853 2134 992 2216 lupanar

292 2258 322 2309 et
342 2248 447 2311 cellam
468 2268 599 2311 uacuam
620 2258 709 2333 atque
730 2270 818 2311 arcora
839 2273 851 2312 .·
870 2260 941 2311 tanc
962 2248 1047 2311 nudo
1070 2245 1202 2332 popillia

290 2362 429 2448 prostitit
449 2363 570 2427 croatie
590 2362 714 2427 tilulum
735 2368 859 2427 manua
880 2362 1036 2448 Lyeuece.

275 2539 401 2606 Verum
433 2538 520 2605 enim
552 2560 630 2606 uero
669 2539 734 2606 iam
766 2538 890 2606 dudum
921 2538 1029 2606 omnia
1060 2538 1244 2606 clamabant

85 2639 86 2674 ³
190 2655 362 2739 Clodiam,
406 2668 546 2722 scortum
576 2657 718 2734 uile‚.a
749 2655 881 2724 Catullo
914 2657 1125 2724 deserendam
1160 2677 1243 2722 enee.

85 2807 86 2848 t
189 2782 289 2860 poeta
321 2771 391 2860 ipae
415 2772 546 2838 tandem
578 2773 751 2861 aliquando
782 2773 943 2840 intellexit
972 2796 1007 2840 ae
1037 2797 1102 2861 quo
1123 2773 1243 2840 diutius

190 2913 266 2956 eum
288 2888 410 2956 Lesbia
430 2889 646 2958 familiaritate
675 2890 815 2977 quadam
847 2890 1038 2957 coniunctus
1067 2900 1171 2972 eaaet,
1204 2911 1242 2954 ec

190 3006 305 3072 maiori
330 3005 363 3073 id
388 3006 591 3094 aibipmbro
614 3009 869 3085 futurumne,
895 3017 992 3095 atque
1017 3007 1080 3074 nini
1101 3029 1242 3074 amorem

150 3127 152 3132 ’
189 3123 280 3189 illum
312 3125 464 3190 miserum
496 3124 659 3212 deponere
690 3133 723 3190 et
745 3124 852 3191 omnia
875 3122 1010 3192 Clodiae
1032 3123 1160 3190 uincula
1181 3121 1242 3188 dia·

190 3253 343 3329 rumpere
364 3241 498 3322 ualeret‚
520 3261 651 3308 neeeaae
665 3242 738 3307 fore
758 3251 795 3307 ut
809 3240 1019 3326 ignominiam
1034 3250 1067 3306 et
1080 3238 1244 3307 infamiam

190 3359 368 3424 maximam
397 3357 465 3422 aine
487 3357 611 3444 pudore
632 3367 666 3423 et
679 3358 788 3425 dolore
812 3357 897 3424 ferre
918 3357 1133 3424 adsuesceret.
1175 3369 1244 3421 turn

191 3485 289 3562 poeta
317 3473 458 3540 animum
487 3473 614 3561 erigens
634 3473 785 3541 Lesbiam
814 3476 963 3541 deserere
984 3476 1069 3563 apud
1100 3497 1135 3541 ae
1156 3495 1245 3540 cona·

190 3591 286 3658 tituit
332 3592 473 3680 primum
495 3615 567 3658 oum
590 3593 734 3658 carmina
754 3615 812 3660 aua
833 3592 952 3658 ameria
976 3590 1102 3679 pristini
1123 3589 1245 3679 gaudia

192 3722 223 3776 et
244 3710 431 3798 uoluptates
461 3708 658 3776 celebrantia
683 3733 782 3798 penes
804 3699 957 3777 Ileabiam
977 3707 1110 3776 manere
1131 3710 1242 3789 nollet,

191 3826 232 3891 ab
259 3847 300 3892 ea
329 3824 385 3890 illa
416 3826 610 3914 repoposcit.
654 3827 709 3892 aed
740 3827 856 3894 Clodia
884 3827 1016 3915 opinata
1044 3849 1079 3891 ae
1101 3825 1243 3891 animum

191 3941 314 4010 Catulli
345 3941 584 4008 iracundiorem
618 3941 758 4008 artificiis
792 3942 857 4008 illie
893 3942 1012 4030 quibua
1047 3950 1113 4008 tam
1148 3965 1244 4029 eaepe

189 4070 320 4149 poetam
342 4058 404 4126 eibi
424 4058 697 4126 reconciliauiaeel
711 4059 806 4125 facile
828 4059 1050 4147 mitigaturam
1071 4083 1152 4137 aeae,
1177 4083 1246 4125 ear·

188 4178 276 4243 mina
308 4175 446 4243 reddere
476 4177 646 4243 recusauit.
689 4159 757 4242 tum
784 4174 931 4242 Catullus
958 4175 1180 4266 indignatione
1212 4185 1245 4243 et
