3342 5200
445 706 494 757 184
643 700 721 755 vnn
753 701 801 754 DE
818 700 977 754 CAESARE
995 700 1042 753 ΕΤ
1059 699 1294 754 camanum

440 869 580 937 Lesbiae
601 868 744 936 insidiari
767 868 986 956 conperisset,
1018 867 1205 934 criminibus
1232 866 1340 933 omnis
1362 863 1480 953 generis

441 998 474 1055 et
495 986 694 1075 grauissimis
716 996 749 1051 et
771 984 964 1073 turpissimis
985 1007 1004 1050 a
1024 983 1160 1073 perfidia
1180 983 1236 1050 illa
1248 984 1328 1050 item
1350 981 1483 1049 maxime

441 1105 553 1173 alienis
585 1106 617 1171 iu
640 1114 763 1193 septem
785 1100 980 1168 carminibus
1001 1102 1117 1170 obruit.
1160 1101 1307 1167 similiter
1334 1098 1483 1188 Egnatio,

442 1246 537 1313 quem
570 1245 636 1289 rem
674 1244 748 1287 cum
783 1219 903 1285 Lesbia
937 1219 1057 1287 habere
1089 1218 1230 1301 sciebat,
1270 1217 1305 1283 in
1347 1218 1485 1285 carmine

441 1364 576 1409 xxxvnn
599 1341 639 1406 ab
662 1359 772 1405 amore
786 1339 884 1426 plane
906 1336 1058 1402 distantia
1078 1336 1298 1424 exprobrauit
1343 1334 1488 1402 similiter

442 1460 595 1527 Ametina
605 1458 713 1545 puella
726 1480 798 1522 cum
810 1456 948 1545 pretium
962 1456 1104 1544 corporis
1112 1454 1245 1520 nimium
1257 1452 1485 1535 constituisset,

440 1584 537 1663 poeta
569 1597 625 1663 spe
657 1575 809 1661 deceptus
839 1574 980 1661 indeque
1006 1573 1106 1639 iratus
1132 1572 1275 1660 puellam
1303 1594 1336 1638 a,
1353 1592 1390 1636 so
1417 1570 1487 1659 ipso

438 1690 534 1756 modo
565 1692 742 1779 expetitam
768 1703 805 1757 ut
832 1692 919 1756 omui
947 1687 1164 1778 pulcritudine
1190 1699 1223 1755 et
1243 1700 1418 1757 uenustate
1439 1714 1486 1757 oa·

439 1819 562 1875 rentem
585 1808 739 1897 depinxit
782 1810 921 1897 denique
948 1808 1127 1874 carminum
1155 1807 1188 1873 in
1209 1806 1346 1874 Furium
1369 1820 1402 1876 et
1422 1811 1485 1876 Au-

440 1925 554 1991 relium
577 1926 880 1993 contumeliosorum
901 1949 1014 1992 caussa
1034 1924 1096 1992 fuit
1116 1924 1184 1989 fere
1206 1924 1330 1993 eadem.

524 2044 615 2109 Haec
636 2044 831 2110 carminibus
853 2046 887 2109 in
909 2042 1078 2111 Caesarem
1101 2053 1133 2110 et
1153 2041 1367 2111 Caesarianos
1389 2045 1486 2133 expli·

442 2157 553 2226 caudis
581 2161 816 2248 praemittenda
847 2183 886 2226 ea
916 2159 957 2227 de
985 2183 1099 2227 caussa
1128 2160 1277 2225 duximus
1308 2162 1386 2249 quia
1407 2162 1486 2228 haec

441 2278 639 2365 potissimum
671 2280 814 2344 carmina
846 2278 922 2343 odia
953 2262 1031 2344 sane
1057 2277 1265 2366 inexpiabilia
1293 2288 1326 2343 et
1355 2278 1397 2344 ab
1427 2278 1486 2345 illis

442 2418 525 2485 quae
555 2395 588 2461 in
617 2398 743 2483 puellas
772 2406 805 2461 et
830 2396 952 2463 amieos
980 2396 1125 2462 infideles
1153 2404 1248 2461 antea
1276 2396 1393 2462 effudit
1418 2407 1485 2465 toto

440 2524 477 2579 ut
498 2514 589 2578 aiunt
609 2512 698 2577 caelo
714 2513 843 2579 diuersa
858 2515 982 2602 spirant
996 2537 1033 2579 ac
1046 2522 1216 2579 testantur.
1260 2511 1429 2579 Catullum
1447 2537 1486 2580 ex

440 2631 597 2720 Bithynia
618 2653 695 2696 uere
716 2633 792 2698 anni
807 2633 924 2710 698156
938 2654 1101 2698 reuersum
1115 2633 1243 2699 lusuum
1256 2634 1486 2700 amatoriorum

441 2771 543 2836 paene
564 2760 748 2837 pertaesum
769 2760 827 2818 est.
881 2751 941 2816 etsi
962 2751 1103 2816 quentii
1124 2772 1232 2817 amore
1252 2758 1327 2836 post
1348 2749 1485 2816 reditum

441 2866 531 2931 illum
572 2866 746 2955 paullisper
781 2868 962 2955 flagrabat,
997 2879 1105 2936 tamen
1142 2867 1193 2933 hic
1233 2890 1323 2932 amor
1365 2878 1485 2956 quanto

323 2992 325 2996 ’
442 3005 540 3072 opere
568 2985 608 3051 ab
630 2984 691 3049 illis
711 2984 852 3052 Lesbiae
872 2984 1033 3052 amoribus
1060 2985 1202 3073 pristinis
1229 2985 1381 3053 distabat.
1424 2986 1485 3052 iam

442 3123 506 3167 non
533 3112 569 3170 ut
596 3103 776 3189 praeteritis
805 3103 868 3168 illis
896 3104 1094 3191 temporibus
1123 3126 1213 3169 amor
1237 3113 1308 3169 erat
1328 3105 1371 3170 ad
1392 3127 1485 3191 quem

443 3218 550 3285 omnia
571 3220 682 3285 studia
698 3232 793 3308 poeta
814 3221 965 3306 referret,
988 3244 1077 3288 amor
1099 3221 1185 3288 uude
1205 3221 1326 3310 gaudia
1348 3223 1484 3289 maxima

441 3336 502 3401 sibi
533 3347 719 3420 orerentur,
752 3362 842 3404 amor
875 3339 964 3404 cuius
998 3362 1112 3405 caussa
1147 3339 1273 3405 dolores
1304 3340 1483 3406 innumera

440 3451 520 3518 biles
547 3455 701 3520 toleraret
728 3466 825 3544 etque
856 3457 928 3522 odia
959 3458 1073 3544 grauis
1104 3456 1286 3545 conciperet
1324 3467 1357 3523 et
1388 3459 1484 3524 effun-

440 3569 539 3635 deret.
583 3572 685 3637 omnis
708 3572 827 3640 Catulli
856 3573 942 3639 uitae
972 3585 1004 3639 et
1025 3573 1202 3640 studiorum
1224 3573 1306 3639 ratio
1330 3597 1484 3641 conuersa

441 3695 474 3752 et
493 3686 652 3754 inmutata
673 3690 743 3756 fuit.
786 3690 819 3755 in
848 3692 954 3757 locum
984 3690 1120 3775 amoris,
1152 3691 1239 3757 unde
1270 3691 1346 3758 olim
1379 3693 1484 3759 omnia

440 3826 524 3892 quae
545 3816 660 3892 poetae
682 3807 770 3872 cordi
801 3818 893 3875 erant
914 3809 1152 3897 dependebant,
1184 3808 1258 3875 iam'
1276 3808 1386 3876 odium
1417 3833 1483 3878 sue

442 3931 601 4006 cesserat,
634 3924 720 4011 quod
749 3925 817 3990 eius
845 3926 1006 4009 animum,
1038 3947 1111 3990 cum
1140 3950 1160 3992 a
1190 3926 1336 4014 plurimis
1367 3925 1482 4016 quibus

439 4040 579 4106 maxime
601 4042 738 4109 confisus
766 4053 845 4126 erat,
874 4044 1045 4128 aLesbia,
1073 4039 1209 4111 ‘tanturn
1239 4045 1280 4110 ab
1308 4067 1348 4110 eo
1377 4055 1482 4113 amata

441 4166 597 4243 quantum
627 4158 714 4224 nulla
745 4170 859 4248 postea
889 4155 1066 4245 amabitur’,
1104 4163 1145 4229 ab
1176 4163 1329 4229 Aufilene
1359 4165 1401 4230 ab
1428 4165 1481 4230 Al-

437 4273 514 4339 feno
546 4297 566 4339 s
597 4273 771 4343 Cornificio
801 4277 847 4365 (u.
875 4303 909 4367 p.-
929 4279 985 4364 45)
1014 4258 1163 4348 aGellio
1190 4279 1302 4349 Caelio
1330 4281 1481 4349 Memmio
