3342 5200
409 684 459 735 lte
676 678 728 730 VII
761 679 809 731 DE
825 678 966 730 [alume
984 678 1179 733 Bl'rflrulco

557 868 731 933 expensum,
752 857 787 909 ut
806 845 889 927 mebi,
909 850 963 931 qui
980 868 1077 911 meum
1098 858 1220 912 secutus

556 977 727 1050 praetorem
747 963 853 1047 refero
874 962 979 1028 datum
1001 964 1107 1029 lucello

559 1075 586 1145 ‘o
608 1080 747 1160 Memmi,
769 1082 842 1143 boue
862 1103 911 1143 me
930 1103 969 1142 aa
988 1081 1042 1144 de‘u
1062 1080 1205 1164 saptiam

560 1207 619 1261 tota
639 1198 701 1260 ista
721 1195 806 1259 trabe
827 1198 924 1259 leatus
944 1184 1123 1259 iurumasti.

560 1312 623 1389 sed,
646 1324 792 1398 quautam
814 1313 911 1393 uideo,
931 1312 1010 1395 parr‘
1026 1309 1131 1397 fiacus

562 1452 638 1492 casu
657 1453 668 1492 .·
688 1452 759 1492 nam
781 1428 877 1493 uibrlo
898 1429 1018 1492 ruinae
1037 1449 1137 1511 uerpa

558 1541 644 1626 forti
662 1545 735 1609 estis
758 1592 765 1608 .
789 1590 797 1607 .
821 1591 828 1608 .

494 1700 530 1767 Si
551 1701 651 1788 igitur
672 1700 799 1768 Catullo
821 1700 904 1765 fides
925 1700 1073 1767 habenda
1095 1709 1158 1781 est,
1191 1698 1367 1765 Memmius
1387 1720 1456 1787 pro

410 1816 549 1882 uinciam
581 1817 770 1883 exhauriens
798 1817 960 1884 redituum
988 1818 1159 1905 plurimum
1186 1816 1221 1881 in
1248 1839 1345 1883 usum
1367 1838 1455 1881 suum

412 1936 622 2000 conuertebat
651 1957 756 2021 neque
784 1935 959 2024 quicquam
986 1934 1151 2000 eohortem
1175 1935 1297 2000 lucrari
1323 1935 1456 2016 sinebat,

412 2075 609 2140 quamquam
640 2053 748 2117 neseio
780 2075 821 2117 an
852 2052 981 2139 plurimi
1012 2051 1096 2116 illius
1129 2050 1258 2116 sodales
1290 2051 1374 2116 lucri
1402 2072 1456 2138 spe

412 2170 491 2234 moti
522 2192 595 2232 eum
623 2168 766 2233 comitati
793 2168 865 2234 sint
909 2191 926 2233 e
961 2168 1077 2256 quibus
1108 2166 1274 2234 Catullum
1304 2189 1372 2233 non
1406 2189 1457 2231 ex·

411 2285 512 2372 cipio,
544 2285 599 2372 qui
627 2307 698 2350 eum
729 2307 770 2349 ex
798 2286 914 2350 itinere
938 2283 1113 2372 Bithynico
1135 2282 1239 2349 redux
1260 2282 1303 2349 ad
1328 2282 1457 2350 Sirmio·

413 2426 485 2468 nem
508 2425 597 2467 suam
622 2400 844 2489 paeninsulam
866 2403 1009 2467 uenisset
1032 2402 1086 2484 (of.
1109 2423 1237 2466 carmen
1260 2401 1375 2483 xxxi),
1405 2422 1457 2465 ex·

414 2520 565 2584 clamauit
586 2519 666 2583 haec
687 2544 694 2584 :

562 2663 662 2726 labore
681 2660 764 2745 fessi
783 2662 919 2725 uenimus
940 2661 1035 2726 larem
1056 2662 1099 2725 ad
1118 2673 1251 2725 eoseum

565 2778 793 2863 desideratoque
814 2778 1036 2862 adquiescimus
1056 2778 1131 2841 lecto
1152 2800 1159 2839 :

564 2894 619 2958 boo
641 2893 785 2979 estquod
804 2915 896 2957 uuum
918 2905 961 2957 est
977 2915 1034 2977 pro
1056 2893 1209 2957 laboribus
1230 2896 1329 2954 lanas.

497 3064 541 3126 At
574 3060 793 3149 quaerendum
829 3071 878 3126 est
909 3083 972 3148 quo
1000 3060 1070 3125 iure
1099 3060 1246 3126 Catullus
1273 3060 1399 3123 lucrum
1430 3058 1461 3121 in

414 3178 580 3265 prouincia
603 3178 710 3241 facere
731 3177 963 3264 expectauerit.
1007 3198 1072 3262 qua
1093 3176 1133 3241 de
1154 3197 1189 3239 re
1210 3195 1294 3261 quae
1317 3171 1462 3259 Scaliger

416 3295 491 3361 olim
518 3294 692 3381 disputauit
722 3316 874 3379 magnam
903 3303 1028 3381 partem
1048 3293 1129 3357 falsa
1150 3313 1220 3357 esse
1240 3293 1306 3356 iam
1326 3288 1462 3354 Vossius

417 3421 504 3476 recte
536 3409 709 3475 adnotauit.
753 3421 785 3475 et
817 3409 953 3495 primum
983 3409 1111 3496 quidem
1137 3408 1260 3472 lucrum
1282 3406 1370 3471 haud
1392 3428 1462 3493 par·

416 3550 492 3592 uum
526 3529 685 3614 praetoris
708 3527 879 3591 comitibus
902 3549 943 3591 ex
964 3524 1109 3612 pecuniis
1131 3547 1150 3588 a
1170 3524 1291 3611 populo
1313 3523 1460 3587 Romano

416 3646 449 3709 in
471 3642 709 3731 prouinciarum
731 3653 891 3728 sumptum
914 3642 1070 3724 decretis,
1104 3662 1241 3729 quarum
1263 3639 1461 3725 aliquantum

416 3761 457 3826 ad
487 3760 627 3825 cohortis
656 3781 785 3845 quoque
816 3758 997 3844 praetoriae
1022 3757 1168 3822 homines
1200 3755 1343 3832 redibat,
1376 3756 1480 3820 nasci.

416 3875 539 3941 solebat
572 3876 625 3958 (ef.
650 3875 766 3940 Cicero
794 3875 826 3938 in
851 3873 989 3938 Verrem
1012 3896 1032 3936 u
1055 3897 1061 3936 ι
1087 3874 1125 3936 14
1147 3873 1188 3938 36
1211 3872 1290 3937 dedi
1309 3872 1461 3958 stipendio

416 3991 568 4078 frumento
590 3992 702 4078 tepetis
722 4016 780 4077 pro
801 4005 962 4078 quaestore
984 3992 1099 4056 cohorti
1106 3991 1278 4075 praeterear
1300 3988 1362 4053 Hs
1380 3989 1461 4054 mille

417 4119 554 4175 sescenta
585 4109 712 4194 triptota
749 4111 883 4195 quiaque
911 4109 998 4180 mileo
1027 4107 1267 4194 quodetupeutos
1298 4106 1401 4172 decem
1436 4117 1461 4169 et

419 4237 531 4311 septem
550 4224 719 4309 nummos),
754 4225 945 4312 praesertim
967 4247 1039 4290 eum
1066 4224 1223 4312 pecuniae
1250 4222 1344 4306 illae,
1381 4243 1460 4311 quae
