3342 5200
409 622 444 674 50
678 618 715 671 lll
750 618 798 671 nn
816 618 861 671 RE
878 618 1063 671 FAMILIARI
1079 616 1234 671 curvum

411 785 630 874 grauissimis,
653 784 770 873 quibus
792 784 856 851 iam
878 806 998 851 nouum
1019 785 1095 850 licet
1116 784 1245 851 addere.
1289 808 1355 872 quo
1375 785 1465 851 enim

411 904 489 985 iure,
512 904 540 969 si
560 914 635 991 post
655 901 774 967 bellum
795 901 893 967 ciuile
913 912 1009 988 poeta
1030 901 1108 968 satis
1131 902 1222 985 fecit,
1245 899 1383 983 Caesar,
1405 902 1466 988 qui

412 1020 614 1087 Rubiconem
635 1029 857 1106 transgressus
878 1018 992 1085 urbem
1014 1017 1133 1083 Catulli
1154 1019 1292 1106 patriam
1317 1018 1374 1083 uix
1396 1040 1467 1082 um-

412 1160 510 1226 quam
530 1137 654 1218 reuisit,
675 1136 740 1201 <lici
754 1135 861 1222 potuit
874 1134 1006 1222 hospitii
1019 1134 1106 1200 illius
1121 1158 1212 1200 usum
1228 1133 1466 1200 continuasse?

412 1254 512 1321 nihilo
533 1252 640 1318 minus
666 1262 760 1339 pater
785 1250 886 1316 filium
916 1251 984 1318 uita
1005 1272 1174 1338 superasse
1194 1249 1334 1317 uidetur.
1376 1274 1468 1315 nam·
1597 1234 1599 1301 j

413 1392 476 1457 que
497 1391 538 1434 ex
566 1369 686 1435 caussis
714 1390 795 1456 quas
816 1367 851 1433 in
872 1368 979 1455 capite
999 1375 1064 1434 vuu
1086 1366 1157 1433 loco
1179 1367 1302 1456 aptiore
1323 1389 1467 1456 expone

412 1510 493 1569 mus,
514 1487 682 1574 probabile
704 1507 775 1551 esse
795 1484 944 1551 ducimus
966 1483 1129 1551 Catullum
1153 1483 1301 1551 Caesaris
1322 1484 1468 1571 gratiam
1597 1508 1599 1521 ⁴

413 1604 544 1669 ineunte
577 1624 661 1667 anno
685 1602 802 1679 700l54
823 1600 884 1668 sibi
905 1601 1131 1667 reconciliasse
1150 1601 1264 1667 eodem
1286 1600 1337 1666 nel
1359 1622 1467 1687 paene

414 1719 526 1786 eodem
538 1741 603 1806 quo
613 1717 771 1805 posterius
786 1728 931 1784 mortuus
946 1727 1006 1800 est,
1034 1715 1206 1784 Caesarem
1220 1728 1329 1782 autem
1340 1716 1468 1783 Gallia-

414 1858 486 1900 rum
499 1836 724 1922 proconsulem
741 1857 801 1922 per
815 1834 936 1899 hiemes
955 1833 1101 1922 singulas
1112 1832 1253 1899 Galliam
1265 1832 1468 1920 Cisalpinam

414 1973 590 2039 peragrare
609 1952 748 2033 solitum,
774 1951 923 2039 quotiens
938 1952 1024 2017 inter
1037 1973 1139 2015 annos
1154 1950 1272 2028 700154
1293 1960 1326 2016 ct
1347 1950 1468 2027 705149

415 2068 581 2134 Veronam
601 2066 759 2149 uenisset,
792 2066 880 2155 apud
901 2064 1022 2133 Catulli
1042 2076 1169 2155 patrem
1190 2068 1362 2133 deuersum
1383 2088 1467 2133 esse.

414 2195 583 2272 praeterea
624 2183 665 2250 de
699 2194 792 2271 petre
826 2191 946 2270 poetae
981 2182 1062 2249 nihil
1096 2184 1223 2249 seimus
1276 2194 1389 2249 contus
1424 2184 1468 2249 de

415 2301 515 2365 fratre
534 2310 638 2365 morte
656 2310 785 2367 matura
807 2299 870 2367 sibi
891 2309 1004 2387 erepto
1026 2298 1113 2367 etin
1134 2301 1215 2365 Asia
1236 2322 1338 2388 prope
1359 2300 1468 2366 Rhoe-

413 2427 504 2483 teum
532 2416 792 2503 promunturium
819 2416 949 2504 sepulto
983 2414 1131 2483 Catullm
1154 2417 1283 2504 saepius
1306 2417 1469 2504 querellas

414 2534 604 2601 tenerrimas
643 2531 799 2616 effundit,
842 2532 882 2597 of.
917 2551 987 2597 uxr
1021 2532 1148 2597 5-14
1182 2548 1295 2598 uxvru·
1322 2534 1468 2600 19-26

415 2656 530 2718 υκνωῦ
555 2650 717 2731 err-100,
749 2651 782 2714 in
803 2648 916 2736 primis
937 2671 1067 2716 carmen
1087 2666 1128 2716 or.
1171 2650 1254 2716 Rem
1273 2651 1468 2722 familiarem

415 2768 492 2835 satis
511 2769 635 2834 lautam
665 2765 812 2834 Catullus
840 2766 953 2833 babuit
981 2767 1039 2849 (cf.
1061 2766 1190 2832 Munkii
1210 2767 1285 2834 bist.
1307 2768 1368 2834 litt
1391 2767 1467 2836 Lat.

417 2909 438 2950 ιι
461 2884 554 2970 178),
582 2904 689 2971 neque
720 2884 753 2948 in
771 2883 972 2948 contrarium
1001 2882 1076 2950 inde
1097 2883 1241 2962 iudicare
1272 2884 1348 2951 licet
1379 2886 1470 2973 quod

415 3011 514 3088 poete
534 3002 568 3066 iu
590 3000 732 3066 carmine
752 3022 805 3063 xur
839 2999 880 3063 de
907 2999 1033 3064 soeculo
1060 3020 1117 3064 suo
1150 3022 1342 3066 aranearum
1368 3003 1467 3088 pleno

414 3119 539 3184 locetur
566 3119 619 3183 uel
652 3115 740 3206 quod
771 3115 933 3181 neminem
961 3115 1112 3181 lrabrsisse
1143 3137 1181 3181 se
1208 3117 1319 3184 scribit
1351 3119 1389 3205 (x
1410 3118 1469 3205 22)
1502 3151 1505 3154 ⁴

615 3291 754 3375 fractum
776 3291 836 3376 qui
853 3291 965 3356 ueteris
983 3283 1098 3376 pedem
1117 3288 1249 3379 probati

616 3411 650 3474 cir
671 3407 746 3474 collo
766 3404 831 3473 sc'bc'
851 3409 999 3473 collocare
1015 3422 1130 3494 posset.

415 3605 522 3671 neque
542 3594 581 3648 ut
601 3583 635 3648 id
656 3584 814 3671 probetur
834 3583 877 3649 ad
899 3606 1029 3650 carmen
1049 3605 1128 3649 xxvi
1149 3586 1320 3671 prouocati
1337 3568 1468 3673 potest,

416 3722 482 3786 quc
500 3699 544 3765 de
564 3721 599 3764 re
621 3701 733 3767 uideas
755 3722 840 3787 quae
858 3699 944 3765 infra
964 3701 997 3766 in
1020 3700 1124 3788 cupite
1145 3723 1176 3766 vr
1199 3703 1344 3789 exposui.
1386 3725 1468 3768 num

415 3817 501 3880 enim
523 3815 693 3904 probabile
714 3825 764 3880 est
785 3817 887 3882 filium
912 3818 985 3882 eius
1014 3818 1104 3882 ouius
1135 3818 1275 3905 hospitio
1296 3818 1340 3885 G.
1363 3819 1467 3885 Iulius

416 3929 538 3998 Caesar
554 3934 600 3997 uti
614 3933 792 4015 consueuit,
806 3935 1009 4020 paupertatis
1031 3957 1145 3999 caussa
1156 3935 1333 4003 liberaliter
1352 3939 1467 4003 uiuere

415 4070 480 4112 uon
507 4047 681 4133 potuisse?
723 4073 765 4114 en
792 4073 868 4116 eum
900 4051 1028 4136 eguisse
1057 4050 1113 4134 qui
1140 4051 1283 4134 Romae,
1318 4053 1352 4117 in
1382 4053 1468 4118 urbe

414 4163 574 4229 nmximes
596 4165 746 4252 inpensas
768 4167 933 4253 exigente,
956 4189 1021 4231 non
1042 4177 1109 4232 tam
1125 4180 1262 4257 quaestu
1284 4169 1349 4234 ullo
1365 4192 1467 4258 quam
