3342 5200
505 660 560 713 1111
593 660 643 713 nr.
659 660 840 714 autorum
858 658 1011 713 cmm
1252 658 1289 711 69

231 828 435 915 amplificare
466 826 580 893 solitus
603 828 792 894 abuteretur
811 836 850 893 ut
868 827 1093 914 pronuntiaret
1112 824 1287 891 Fonteium

232 945 446 1031 adoptantem
482 966 542 1030 per
580 952 719 1009 aetatem
764 942 870 1010 Clodii
905 943 1050 1031 adoptati
1083 940 1185 1008 filium
1217 962 1287 1008 esse

233 1062 393 1149 potuisse.
447 1082 512 1148 quo
543 1061 648 1126 minus
680 1071 787 1125 autem
825 1061 890 1125 illis
917 1060 999 1126 locis
1028 1060 1103 1124 freti
1133 1058 1286 1125 Clodium

232 1178 325 1265 prius
346 1178 450 1242 lucem
472 1174 591 1241 uidisse
612 1177 821 1258 arbitremur,
844 1186 974 1263 praeter
992 1196 1095 1240 eunos
1114 1174 1286 1262 msg‘strs-

231 1306 325 1359 tuum
363 1292 468 1361 Clodii
503 1293 605 1380 ipsius
640 1292 716 1359 enni
758 1290 1004 1378 magistratuum
1044 1291 1182 1357 flatrum
1216 1290 1287 1355 eius

233 1411 355 1499 optime
382 1412 469 1476 inter
499 1432 533 1474 se
563 1407 796 1475 concordantes
828 1409 970 1475 obstant.
1012 1418 1160 1474 tenemus
1185 1407 1287 1494 igitur

231 1528 272 1593 P.
294 1526 448 1593 Clodium
469 1547 554 1591 anno
576 1526 694 1602 661193
714 1534 825 1591 uatum
848 1548 930 1591 case.

317 1642 355 1710 si
377 1645 478 1730 igitur
498 1642 629 1730 Appius
650 1666 679 1709 a.
701 1642 819 1719 667199
842 1640 947 1707 Gaius
967 1663 996 1707 a
1011 1639 1129 1717 668196
1150 1638 1286 1705 Pubbus

229 1784 261 1825 n.
283 1760 404 1837 661l93
423 1759 491 1825 nati
512 1769 603 1839 sunt,
637 1758 723 1825 inter
754 1780 857 1823 annos
884 1758 1010 1824 natales
1036 1756 1102 1823 Gai
1122 1765 1156 1822 ot
1177 1754 1286 1821 Publii

203 1936 211 1945 ,
230 1876 422 1943 Clodiorum
437 1876 558 1941 biennii
573 1876 778 1942 interuallum
796 1874 895 1941 fuisse
916 1873 1059 1962 adparet.
1102 1892 1168 1961 quo
1188 1872 1285 1937 inter

231 1992 320 2057 uallo
336 1990 482 2059 Clodiam
498 1990 758 2080 quadrantariam
783 1990 845 2073 uel,
865 2000 904 2056 ut
921 1990 1088 2055 honestius
1102 1989 1285 2077 loquamur,

231 2108 389 2173 Lesbiam
410 2106 531 2175 Catulli
559 2117 669 2174 uatem
700 2128 770 2173 esee
798 2106 947 2195 equidem
968 2104 1178 2188 crediderim,
1209 2128 1284 2171 cum

232 2246 340 2313 neque
375 2226 547 2313 quicquam
580 2226 697 2312 probet
723 2246 795 2290 eam
826 2224 936 2312 Appio
968 2233 1002 2288 ct
1022 2223 1109 2289 Gaio
1129 2221 1284 2290 iratribus

232 2353 313 2407 natu
335 2342 489 2407 maiorem
510 2342 619 2426 fuisse,
641 2352 674 2407 et
693 2340 802 2407 multis
823 2342 929 2422 rebus,
951 2339 1048 2405 etiam
1070 2338 1098 2405 si
1119 2338 1284 2405 aCatullo

231 2458 329 2546 plane
351 2457 562 2540 discedimus,
594 2457 662 2523 ueri
690 2458 794 2523 simile
822 2456 977 2523 reddatur
998 2454 1145 2521 Clodium
1166 2454 1284 2521 Public

231 2575 328 2643 fratri
349 2596 417 2640 non
437 2574 537 2640 multo
561 2584 667 2642 aetate
689 2574 910 2641 cntecessisse.
951 2594 1057 2660 neque
1070 2572 1132 2638 boc
1146 2593 1284 2661 usquam

231 2703 395 2759 narratur.
439 2692 510 2781 quis
531 2691 617 2758 enim
638 2693 800 2780 est‘quem
822 2690 902 2756 illud
923 2691 1110 2756 Tullianum
1127 2692 1285 2775 puse’ouem

234 2808 403 2893 (Publium
441 2807 606 2894 Clodium)
648 2833 719 2874 cum
751 2811 868 2873 maiore
912 2831 1014 2873 sorore
1053 2809 1204 2872 ωῠίωειο
1238 2805 1284 2872 its

232 2926 378 2991 offendat
391 2937 428 2989 nt
443 2923 590 2991 Clodiam
616 2925 790 2991 arbitretur
811 2924 918 2990 multia
932 2927 1025 2990 annis
1041 2923 1157 2990 Clodio
1177 2933 1284 2990 aetate

231 3041 460 3131 praestitisse?
502 3041 631 3130 quando
661 3041 790 3129 quidem
821 3041 854 3104 in
875 3051 989 3128 aperto
1010 3049 1061 3105 est
1080 3062 1101 3104 a
1126 3037 1284 3106 Cicerone

231 3159 289 3224 illo
319 3158 391 3224 loco
418 3181 476 3246 per
504 3159 640 3223 ironiam
669 3158 821 3223 Publium
851 3158 1031 3245 puellulam
1062 3157 1173 3222 fictum
1201 3177 1282 3238 esee,

233 3298 333 3362 quem
355 3297 414 3362 pro
434 3273 571 3361 pueritia
593 3275 827 3340 timidissimum
849 3295 955 3362 neque
977 3274 1082 3339 solum
1102 3272 1208 3339 iacere
1228 3294 1283 3337 au·

232 3391 365 3456 dentem
394 3389 613 3455 misericordia
640 3400 729 3455 mota
761 3390 877 3455 Clodia
907 3389 994 3476 apud
1026 3411 1063 3454 se
1091 3399 1283 3477 pernoctare

232 3531 330 3594 passe
354 3508 405 3572 eit.
447 3527 556 3572 nonne
574 3506 719 3572 similiter
744 3507 782 3572 P.
799 3505 949 3573 Clodium
970 3506 1195 3586 mn0693s61,
1217 3529 1282 3594 quo

231 3624 259 3688 is
281 3621 489 3710 trigesimum
510 3623 625 3689 aetatis
646 3645 767 3688 annum
789 3623 853 3688 iam
875 3645 1026 3710 egressus
1046 3634 1133 3702 erat,
1165 3621 1281 3688 Cicero

233 3740 289 3822 (ad
311 3740 412 3804 Attio.
435 3763 442 3803 ι
467 3740 506 3803 16
529 3740 582 3824 10)
604 3734 781 3804 ‘Pulccllum
802 3730 942 3825 puerum'
961 3737 1139 3804 nominauit
1161 3737 1217 3821 (cf.
1240 3737 1282 3802 ad

231 3858 300 3921 Art.
324 3879 342 3920 ιι
369 3855 407 3920 18
426 3855 494 3940 3)9
536 3857 645 3944 itaque
677 3855 756 3920 nibil
776 3857 900 3944 inpedit
921 3880 986 3943 quo
1007 3857 1113 3922 minus
1135 3855 1281 3922 Clodiam

231 3971 494 4060 quadrantariam
526 3995 611 4040 anno
640 3973 758 4050 659s95
785 3975 838 4040 uel
870 3997 899 4038 a.
928 3975 1046 4051 66οΙ94
1075 3984 1184 4039 natam
1211 3993 1282 4036 esse

231 4089 415 4156 credamus.
468 4113 551 4177 quac
582 4101 749 4178 practerea
781 4092 820 4156 de
854 4090 971 4158 Clodia
1002 4090 1175 4157 memoriae
1210 4112 1281 4176 pro·

230 4207 300 4273 dita
355 4216 430 4271 sunt
471 4207 645 4273 maximum
687 4218 814 4296 partem
857 4207 892 4273 in
926 4207 1092 4276 Ciceronis
1126 4205 1281 4278 Caeliana
