3342 5200
464 642 488 693 V
522 642 571 695 DE
589 640 769 695 morsuve
788 640 941 695 esuum
1197 643 1233 697 815

176 809 318 877 amicum
348 810 449 876 fnisse
480 832 546 875 non
578 830 685 896 posse.
729 807 918 895 profitemur
946 807 1048 897 igitur
1073 832 1134 875 nos
1163 809 1235 899 quis

177 926 321 992 Alfenus
351 924 501 991 carminis
532 949 603 991 xxx
633 924 732 991 fuerit
763 924 908 1008 nescire,
940 926 981 990 de
1010 927 1098 992 Vero
1125 936 1233 993 eutem

178 1044 331 1109 carminis
354 1068 376 1109 x
398 1054 431 1109 et
451 1066 517 1108 xxu
550 1042 632 1108 infra
653 1044 873 1109 coniecturam
893 1064 1123 1132 proponemus

260 1160 402 1248 Propter
423 1160 606 1247 argumenti
626 1160 869 1247 congruentiam
885 1182 950 1226 non
964 1160 1042 1226 nulli
1058 1160 1121 1227 uiri
1135 1160 1233 1246 docti,

175 1280 262 1344 inter
295 1250 377 1366 queis
405 1276 571 1343 Muretum
598 1286 631 1342 et
657 1277 809 1343 Vossium
831 1276 977 1360 nomino,
1006 1276 1048 1343 ad
1079 1278 1234 1344 Alienum

176 1397 277 1461 etiem
321 1416 451 1460 carmen
492 1414 594 1461 Luxus
632 1394 754 1461 Desine
797 1394 836 1461 de
870 1418 1024 1483 quoquam
1064 1395 1234 1483 quicqum

176 1513 250 1578 hene
278 1514 355 1577 aelle
383 1516 492 1577 mereri
518 1510 669 1577 referunt
722 1510 807 1599 quod
846 1510 998 1599 equidem
1022 1532 1089 1577 non
1121 1512 1233 1599 probo.

175 1653 252 1695 nam
287 1629 327 1694 de
360 1627 479 1693 Alfeno
509 1627 653 1714 queritur
687 1624 835 1694 Catullus
863 1628 952 1716 quod
986 1627 1041 1694 ille
1071 1648 1108 1693 se
1139 1628 1233 1693 melis

175 1767 369 1833 oppressum
391 1743 577 1810 deseruerit.
620 1742 678 1808 sed
708 1743 751 1826 is,
788 1742 878 1810 cuius
900 1742 1066 1831 perfidiam
1088 1723 1234 1811 carmine

177 1883 284 1929 uxxur
305 1870 405 1950 poete
427 1861 581 1947 castiget,
613 1869 743 1948 poetam
771 1882 836 1926 non
867 1870 933 1925 tam
960 1856 1004 1926 ‘in
1031 1862 1125 1929 malis
1145 1861 1233 1929 dese·

171 1974 291 2047 reudo’
317 2002 414 2068 quam
435 1975 591 2065 ‘grauiter
613 1988 645 2045 et
667 1978 783 2045 acerbe
804 1972 962 2066 urgendo'
982 1977 1086 2045 laesit.
1131 2000 1234 2067 quare

176 2120 277 2163 carm.
302 2116 405 2162 nxxru
427 2096 536 2184 potius
557 2095 591 2162 in
613 2096 736 2161 Rufum
760 2096 915 2183 scriptum
936 2116 1007 2161 esse
1027 2105 1119 2183 puto,
1140 2095 1233 2161 cuins

176 2214 302 2280 nomen
314 2213 421 2299 ipsum
435 2210 469 2275 in
482 2233 579 2278 uersu
593 2214 613 2275 4
629 2210 774 2297 grauiter
795 2218 947 2296 corrupto
968 2220 1103 2299 propter
1117 2211 1232 2279 ductus

174 2330 361 2396 litterarum
382 2306 619 2417 insequentium
638 2326 739 2393 taedet
759 2326 939 2393 simillimos
959 2327 1068 2394 nescio
1088 2351 1131 2394 an
1146 2330 1233 2395 exci-

176 2446 273 2513 derit.
321 2454 451 2533 poetam
485 2444 571 2510 enim
607 2446 652 2510 ita
690 2443 857 2532 scripsisse
890 2466 994 2533 paene
1026 2445 1232 2529 crediderim,

177 2570 265 2629 immo
284 2568 383 2645 subm,
408 2560 498 2627 Oaals'
517 2561 584 2647 (uel
600 2560 722 2645 Oeclei),
745 2561 845 2627 madet
864 2562 1004 2651 obestque
1023 2568 1131 2650 mopsi.
1167 2562 1233 2632 duo

176 2691 351 2769 praeterea
384 2679 532 2744 Catullus
564 2679 596 2744 in
629 2679 751 2744 Rufum
788 2677 932 2744 carmina
960 2679 1088 2767 scripsit
1120 2699 1233 2746 uxxvu

177 2799 268 2885 Rufe
311 2797 390 2862 mili
419 2796 552 2881 frastra
599 2820 638 2862 ac
673 2801 856 2883 mquiquum
897 2796 1014 2863 wedale
1058 2799 1158 2864 amt’w
1200 2807 1233 2864 et

178 2919 292 2981 uxvriu
327 2912 407 2978 Noli
433 2915 588 2978 admirari
611 2937 705 3000 quare
733 2913 791 2978 tibi
815 2913 937 2997 fenino
964 2915 1059 2980 suun
1105 2915 1140 2980 in
1168 2937 1235 2981 car·

177 3033 266 3099 mine
288 3032 399 3120 priore
431 3050 567 3114 uxxvu,
607 3031 694 3118 quod
726 3031 854 3098 duobus
885 3030 1051 3114 distichis,
1084 3053 1168 3119 quae
1197 3030 1230 3097 in

179 3149 271 3214 libris
313 3157 389 3234 post
433 3155 559 3212 sextum
604 3145 755 3212 carminis
805 3148 969 3236 sequentis
1014 3171 1144 3213 uersum
1177 3170 1233 3234 po-

180 3266 240 3331 sita
271 3272 365 3347 sunt,
402 3264 655 3330 continuandum
695 3285 767 3330 esse
794 3275 870 3352 post
898 3263 1034 3330 Achillis
1064 3262 1160 3332 Statii
1192 3265 1232 3331 de

178 3383 248 3448 loco
280 3381 410 3446 illorum
438 3347 591 3446 noricum
622 3380 856 3446 dubitationem
879 3381 936 3464 (cf.
964 3380 1074 3447 Vossii
1107 3381 1232 3448 obsera

180 3523 213 3586 p.
231 3493 309 3584 306)
333 3497 483 3584 Scaliger
502 3497 713 3564 Lachmanno
745 3497 891 3585 Hauptio
911 3497 1115 3564 Froehlichio
1137 3499 1234 3566 Ross-

181 3615 296 3682 bachio
320 3615 479 3682 Teuffelio
502 3615 758 3704 adprobantibus
780 3614 879 3696 uidit,
908 3625 1042 3704 questus
1070 3617 1234 3683 acerbissi-

180 3756 250 3800 mos
269 3733 303 3799 in
326 3733 451 3798 Rufum
474 3731 610 3798 effundit
631 3730 779 3799 Catullus
800 3733 869 3815 hos,

263 3849 354 3935 Base
374 3851 456 3914 mebi
475 3848 598 3928 frustra
619 3871 657 3913 ec
679 3849 866 3935 nequiquam
888 3849 1001 3914 credda
1020 3853 1129 3932 amico,

301 3965 473 4050 (frustm
492 3971 582 4030 immo
603 3988 713 4051 mopso
735 3987 805 4029 eum
824 3970 922 4050 probb
943 3977 1035 4051 atque
1054 3968 1161 4051 mulo),

247 4125 274 4193 ³)
293 4126 429 4180 Theodori
444 4126 554 4194 Bergkii
572 4127 738 4191 sententiam,
758 4141 838 4192 quam
854 4127 883 4177 in
896 4127 964 4178 Mus.
979 4125 1098 4179 Rhenan.
1119 4144 1180 4180 nou.
1198 4144 1234 4179 ιν

181 4223 233 4272 510
250 4224 386 4289 exposuit,
403 4222 609 4288 ingeniosiorem
628 4226 655 4272 et
672 4221 862 4289 speciosiorem
881 4237 940 4274 esse
958 4235 1036 4290 quam
1053 4223 1183 4276 aeriorem
1200 4223 1234 4275 ad

182 4330 289 4370 carmen
305 4331 413 4377 nxxvu
432 4315 612 4370 demonstrare
629 4317 657 4370 in
676 4318 763 4371 animo
780 4315 916 4372 habemas.
