3342 5200
402 663 478 714 vnn
513 662 562 714 DE
578 662 739 716 CAESARE
757 664 804 716 ΕΤ
822 663 1050 716 canesutsme
1201 669 1251 719 rto

200 828 396 915 conspirent.
438 829 697 916 inuestigandum
726 830 827 917 igitur
855 832 993 917 primum
1023 853 1100 896 num
1129 829 1251 898 Caesar

201 954 236 1009 et
250 943 417 1010 Mamurra
438 967 511 1010 cum
532 946 641 1012 Mucia
662 945 925 1013 adulterauerint
967 957 1064 1034 atque
1079 947 1252 1016 Caesarem

200 1063 330 1128 massula
356 1062 416 1128 hac
446 1084 480 1127 se
502 1063 771 1130 contaminauiaae
793 1063 877 1129 inter
900 1085 1010 1129 omnes
1032 1074 1168 1131 constat.
1210 1066 1250 1131 cf.

202 1179 354 1247 Suetonii
368 1179 445 1245 Iulii
458 1182 500 1246 50
510 1204 644 1265 pronum
664 1193 691 1245 et
704 1193 910 1265 sumptuosum
930 1182 966 1246 im
983 1182 1134 1248 libidines
1153 1184 1253 1263 fuisse

203 1310 346 1362 constans
372 1298 475 1382 opime
505 1309 550 1362 est
572 1300 780 1384 plurimasque
800 1310 828 1362 et
854 1299 998 1363 inlustres
1018 1299 1160 1382 fananas
1186 1323 1252 1364 eor·

201 1418 316 1499 rupisse
344 1438 352 1479 :
380 1415 415 1479 iu
445 1414 557 1501 quibus
585 1415 775 1480 Postumiam
807 1412 917 1480 Seruii
948 1414 1082 1501 Sulpicii
1122 1416 1253 1480 Lolliam

201 1533 280 1596 Auli
309 1532 438 1597 Gabinii
478 1532 642 1596 Tertullam
670 1532 717 1596 M.
751 1532 877 1613 Crassi,
910 1537 996 1596 mmm
1030 1533 1091 1597 Gn.
1121 1533 1256 1617 Pompei

201 1648 358 1732 Muciam.
400 1672 474 1713 nam
488 1661 566 1713 certe
580 1650 727 1734 Pompeio
748 1660 775 1713 et
793 1673 813 1713 a
832 1648 1007 1715 Membris
1025 1660 1119 1735 putre
1140 1662 1169 1713 et
1179 1649 1252 1734 filio

201 1776 232 1830 et
258 1765 400 1866 smaltis
421 1764 639 1848 euprobratum
671 1775 714 1829 est
742 1764 824 1851 qued
850 1770 935 1829 cums
961 1789 1073 1831 caussa
1096 1778 1166 1851 post
1191 1780 1253 1830 tres

200 1882 312 1947 liberm
339 1881 491 1965 accepisset
517 1902 644 1945 umorem
672 1893 700 1944 et
726 1903 813 1966 quem
841 1904 969 1968 perseus
990 1882 1176 1970 Aepistlsum
1197 1885 1253 1946 ud·

197 1999 318 2085 pellere
337 2009 519 2080 consuesset,
548 1999 616 2061 eius
643 2009 749 2082 posteo
776 1998 878 2079 pileum
903 2003 1056 2083 potentiae
1083 2000 1253 2084 cupiditate

200 2117 240 2180 iu
267 2115 501 2179 matrimonium
528 2119 690 2199 recepisset.
743 2113 917 2201 Pompeius
947 2137 988 2179 ex
1016 2114 1097 2179 Asia
1125 2115 1253 2180 rediens

199 2229 291 2319 prius
310 2253 407 2317 quam
423 2230 561 2295 Romam
584 2230 714 2295 aduenit
730 2229 883 2295 extremis
904 2230 1017 2297 nebus
1032 2232 1108 2295 anni
1123 2230 1252 2312 692162,

201 2345 237 2412 id
267 2346 354 2433 quod
383 2369 425 2411 ex
454 2346 621 2411 Ciceronis
654 2347 694 2411 ad
724 2347 870 2411 Atticum
903 2347 1113 2433 epistularum
1140 2371 1148 2411 ι
1173 2346 1253 2410 123

202 2462 338 2550 adparet
359 2463 415 2540 (ef.
434 2462 616 2528 Drumenni
637 2463 844 2530 historiarum
861 2464 1082 2530 Romanarum
1103 2486 1145 2528 uu
1166 2463 1252 2547 478),

202 2579 332 2647 Muciae
353 2579 529 2647 diuortium
551 2580 712 2648 nuntiauit
734 2607 741 2647 ι
764 2579 911 2647 adultera
932 2581 1048 2646 mulier
1068 2588 1184 2667 postea
1205 2579 1249 2645 M.

202 2695 342 2763 Aemilio
365 2695 490 2762 Scauro
512 2697 632 2762 bomini
654 2698 761 2764 multis
782 2722 823 2763 ex
851 2697 972 2763 caussis
1000 2697 1132 2779 intumi,
1160 2697 1252 2762 cuius

203 2835 348 2880 sororem
368 2813 538 2877 Aemiliam
560 2823 635 2879 ante
655 2813 796 2878 Muciam
812 2814 987 2902 Pompeius
1009 2812 1101 2880 Sulla
1121 2815 1253 2880 iubente

203 2954 289 2998 aune
310 2930 427 3007 672Ι82
449 2931 482 2994 in
503 2929 741 2995 matrimonium
764 2929 915 3011 duxerat,
937 2953 1023 2995 anne
1046 2931 1115 2994 fere
1136 2930 1253 3007 696t58

203 3047 322 3135 nupsit.
374 3047 483 3133 itaque
512 3044 685 3113 Caesarem
719 3069 792 3111 cum
824 3045 934 3111 Mucia
965 3045 1163 3111 adulterasse
1200 3068 1252 3110 ex·

203 3164 366 3252 ploratum
390 3174 437 3230 est
458 3186 466 3227 :
488 3164 528 3228 de
549 3164 663 3229 eodem
677 3163 801 3250 flagitio
816 3162 1002 3228 Mamurrae
1016 3161 1095 3228 nihil
1108 3162 1254 3244 relatum,

204 3281 263 3347 sed
292 3279 369 3367 quid
401 3280 552 3368 prohibet
583 3302 648 3367 quo
679 3281 786 3345 minus
820 3281 851 3345 ei
882 3278 968 3344 idem
997 3289 1095 3366 atque
1123 3277 1254 3345 Caesari

204 3398 310 3464 scelus
337 3397 536 3484 inputemus,
568 3395 698 3484 quande
729 3396 859 3484 quidem
888 3396 1022 3462 Caesari
1052 3404 1085 3461 et
1115 3396 1255 3462 Mamur·

204 3539 261 3582 rae
286 3526 354 3582 tam
379 3517 490 3603 pulcre
517 3514 731 3580 conueniebat
760 3523 796 3580 ut
822 3515 939 3580 riuales
965 3517 1038 3579 socii
1054 3515 1255 3598 puellulerum

205 3631 342 3699 essent‘l
385 3632 442 3716 (cf.
465 3653 561 3718 supra
581 3655 612 3719 p.
637 3631 722 3712 190).

287 3749 404 3836 Neque
432 3759 557 3835 tempus
586 3770 650 3835 quo
681 3745 841 3813 adulteria
864 3769 942 3820 pum
967 3744 1077 3812 Mucia
1103 3767 1256 3812 exercere

205 3864 328 3932 Caesar
350 3875 383 3931 et
411 3865 576 3930 Mamurra
608 3864 775 3951 coeperint
803 3886 863 3928 noa
893 3863 983 3929 latet.
1037 3860 1182 3929 Catullus
1212 3862 1257 3927 ait

206 3985 326 4048 consule
346 3984 494 4067 Pompeio
513 3983 654 4066 primum
675 3984 734 4044 duo
757 3980 893 4045 solebant
915 3979 1094 4057 Mecilium,
1123 3980 1185 4044 hoc
1208 3988 1257 4045 est

205 4122 291 4165 anno
323 4098 457 4181 684l70,
490 4121 555 4185 que
587 4120 672 4164 anno
705 4095 829 4164 Caesar
865 4097 934 4163 fere
965 4096 1154 4162 tricenarius
1184 4096 1256 4162 fuit.

206 4227 241 4282 st
261 4215 430 4303 probabile
458 4237 523 4280 non
554 4224 603 4281 est
632 4213 698 4282 iam
725 4213 780 4282 illo
810 4236 896 4280 anno
927 4213 1063 4302 Pompei
1096 4213 1258 4281 consulari
