3342 5200
403 594 418 641 2
802 590 1013 643 Puooumvu

404 777 481 821 uero
511 756 563 821 uel
587 755 786 822 doctissimos
809 757 881 821 illos
902 757 1064 835 homines,
1092 757 1207 844 quibus
1228 757 1451 845 interpretatio

403 870 523 938 Catulli
545 871 718 959 plurimum
741 873 846 954 debet,
868 895 932 936 nou
954 872 1026 959 plus
1048 873 1192 937 effecisse
1206 896 1302 962 quam
1321 886 1358 940 ut
1371 876 1451 939 mul·

402 988 444 1053 tis
465 990 562 1055 rebus
584 988 720 1075 singulis
741 990 823 1053 bene
843 988 981 1053 inuentis
997 990 1228 1053 commentario
1242 990 1337 1076 pleno
1360 1014 1451 1077 prae

401 1106 558 1187 luderent,
582 1104 759 1170 concedere
782 1128 846 1169 non
868 1104 1030 1170 dubitabit
1049 1106 1104 1191 qui
1126 1108 1165 1171 ad
1189 1106 1295 1172 officia
1313 1130 1450 1194 eaquae

401 1222 495 1287 hodie
517 1221 751 1309 interpretandi
773 1232 843 1287 arto
864 1232 974 1288 nostro
995 1221 1194 1309 potissimum
1216 1225 1344 1290 saeculo
1366 1226 1450 1290 uiro·

400 1362 472 1404 rum
495 1338 702 1426 egregiorum
731 1337 844 1403 studiis
866 1337 984 1403 eximie
1006 1340 1134 1405 exculta
1156 1341 1197 1405 ab
1219 1341 1450 1428 interpretibus

400 1455 594 1543 praestanda
616 1453 853 1540 efflagitantur,
882 1455 1023 1521 animum
1045 1456 1215 1521 aduertere
1237 1467 1270 1521 et
1290 1480 1450 1522 commen·

401 1572 498 1637 tarius
521 1592 575 1635 eos
597 1572 714 1657 quibus
735 1572 804 1636 aliis
827 1572 1020 1660 quibusdam
1041 1574 1144 1659 poetis
1162 1574 1285 1639 Latinis
1308 1586 1396 1639 recte
1417 1588 1451 1639 et

400 1688 496 1775 plene
516 1688 741 1774 intellegendis
763 1688 929 1776 praeclare
951 1690 1117 1776 prouisum
1140 1700 1205 1772 est,
1233 1692 1395 1777 respicere
1417 1701 1451 1757 et

401 1828 577 1892 conparare
589 1804 738 1870 uoluerit.
781 1806 866 1869 unde
886 1816 1007 1891 quanta
1021 1806 1087 1871 sint
1109 1807 1226 1893 quibus
1248 1829 1347 1893 aegre
1362 1829 1450 1873 care·

400 1945 472 1986 mus
487 1922 526 1986 ad
543 1920 706 1987 Catullum
721 1931 824 1986 totum
840 1921 1092 2008 intellegendum
1108 1946 1166 1987 sua
1182 1923 1317 2009 quisque
1333 1933 1450 2009 sponte

400 2038 649 2125 conprehendet.
700 2060 796 2123 quam
826 2037 868 2102 ob
896 2059 965 2101 rem
997 2058 1061 2123 quo
1092 2038 1299 2123 periculosius
1328 2049 1378 2103 est
1407 2039 1449 2104 ad

400 2153 519 2222 Catulli
539 2153 838 2243 interpretationem
860 2153 1017 2240 adgredi,
1051 2177 1089 2219 eo
1120 2154 1245 2221 enixius
1275 2178 1337 2243 ego
1349 2204 1359 2238 ,
1392 2160 1448 2243 qui

400 2273 511 2338 duram
533 2273 616 2337 hauc
637 2273 836 2359 prouinciam
859 2270 964 2357 magis
981 2281 1113 2357 propter
1128 2282 1269 2337 ueterem
1286 2272 1448 2359 quendam

400 2398 514 2476 poetae
537 2388 734 2456 Veronensis
763 2410 904 2453 amorem
928 2411 1025 2474 quam
1047 2389 1169 2453 uiribus
1191 2388 1350 2455 subtiliter
1370 2413 1450 2477 pon-

400 2504 520 2571 deratis
535 2506 568 2569 in
583 2528 633 2570 me
649 2506 787 2593 suscepi,
808 2527 914 2568 meam
933 2505 1198 2592 qualemcumque
1213 2527 1344 2592 operam
1361 2506 1449 2571 beni·

399 2623 561 2692 uolentiae
595 2623 852 2709 intellegentium
884 2622 1024 2688 iudicum
1057 2623 1343 2693 commendandam
1378 2647 1449 2690 esse

335 2799 342 2816 χ
399 2739 505 2822 uideo,
527 2761 607 2826 quoa
629 2748 761 2825 rogatos
792 2739 867 2802 uolo
896 2749 933 2804 ut
959 2761 1032 2804 cum
1061 2741 1156 2804 uenia
1188 2741 1310 2827 legant.
1354 2743 1450 2806 simul

400 2879 477 2922 uero
509 2855 747 2943 disquisitiones
777 2854 898 2941 aliquot
928 2854 1056 2940 singula
1084 2856 1244 2943 quaedam
1265 2857 1449 2924 Catulliana

398 2974 607 3038 inlustrantes
628 2971 770 3036 maximo
793 2992 890 3057 opere
909 2969 1042 3036 laudare
1055 2982 1150 3058 grato
1166 2972 1273 3038 animo
1289 2973 1449 3058 iubemur,

397 3089 515 3176 quibus
548 3087 741 3174 exemplaris
773 3088 876 3152 instar
903 3096 1014 3151 nostra
1043 3088 1198 3158 memoria
1229 3089 1448 3178 significatum

398 3217 447 3272 est
479 3230 617 3295 quanam
650 3204 703 3272 uia
735 3203 775 3268 de
802 3202 931 3270 Catullo
963 3203 1205 3289 interpretando
1237 3205 1332 3274 hodie
1363 3207 1449 3273 bene

398 3323 559 3388 merituris
590 3323 730 3391 eundum
759 3321 829 3386 sit:
857 3320 943 3386 inter
976 3342 1057 3407 quas
1085 3341 1123 3385 ea
1154 3345 1238 3408 quae
1270 3322 1449 3391 Mauricius

398 3439 561 3525 Hauptius
583 3449 615 3504 et
637 3439 671 3504 iu
692 3437 937 3524 quaestionibus
959 3433 1150 3504 Catullianis
1181 3447 1214 3503 et
1239 3438 1273 3504 in
1299 3442 1449 3506 obserua-

397 3556 539 3621 tionibus
554 3555 684 3638 criticis,
706 3575 842 3641 quarum
863 3553 980 3620 alteras
996 3575 1082 3618 anno
1096 3578 1307 3624 nncooxxxvn
1330 3556 1449 3624 alteras

397 3693 482 3738 anuo
496 3697 695 3738 nnccoxxxxr
710 3670 816 3752 edidit,
828 3670 868 3735 ad
880 3668 1043 3736 Catullum
1062 3670 1287 3758 explicandum
1300 3675 1449 3759 contulit,

396 3812 460 3854 uon
474 3789 585 3854 dubito
599 3789 675 3874 quin
687 3788 823 3875 primum
838 3786 934 3852 facile
945 3785 1004 3854 sibi
1014 3787 1179 3853 uindiceut
1190 3789 1304 3854 locum.
1327 3791 1383 3878 qui
1397 3792 1450 3858 uir

398 3905 548 3993 egregius
565 3906 650 3992 quod
662 3906 788 3983 librum,
807 3927 872 3990 quo
888 3904 927 3969 de
943 3904 1011 3968 uita
1025 3912 1057 3968 et
1073 3904 1267 3970 carminibus
1279 3905 1398 3974 Catulli
1413 3931 1448 3974 se

398 4022 616 4109 expositurum
633 4045 703 4085 esse
716 4021 831 4088 abhinc
847 4019 961 4108 uiginti
977 4045 1077 4086 annos
1090 4023 1351 4088 obseruationum
1363 4025 1449 4092 cn‘ti-

398 4162 506 4204 carum
521 4162 551 4226 p,
562 4139 604 4204 24
618 4137 826 4220 indicauerat,
838 4137 980 4203 nondum
993 4137 1088 4204 edero
1099 4139 1307 4206 uoluitnemo
1321 4162 1374 4204 me
1384 4143 1449 4209 sin·
