3342 5200
539 707 616 758 xntl
651 709 698 760 DE
716 705 874 760 calamna
891 706 990 758 LXVII
1236 706 1285 756 w

322 873 432 942 Senex
469 873 599 961 quidam
630 873 845 956 Veronensis,
875 873 927 938 uir
957 873 1110 939 honestus
1141 893 1180 937 ac
1210 894 1283 959 pro·

237 993 316 1070 bus,
349 987 526 1056 Caecilium
559 989 695 1056 Balbum
727 988 932 1070 Brixianam,
965 1011 1060 1077 quem
1090 987 1173 1066 mm,
1208 987 1287 1054 dnm

236 1107 380 1188 uiuebat,
403 1105 444 1171 ad
466 1127 501 1172 ae
516 1106 647 1172 domum
668 1117 844 1194 receperat,
865 1116 1059 1174 testamento
1074 1108 1123 1171 aui
1136 1106 1287 1171 heredem

238 1235 272 1291 et
307 1223 434 1290 aedium
469 1245 600 1289 suarum
635 1244 724 1288 erum
760 1225 982 1289 constituerat.
1047 1244 1124 1288 sene
1158 1231 1286 1288 mortuo

237 1341 386 1408 domiuus
416 1361 523 1409 nouus
553 1361 671 1406 curans
698 1349 734 1404 nt
762 1337 873 1404 domni
902 1348 1083 1406 matronam
1111 1339 1205 1406 daret
1223 1338 1286 1404 nir·

236 1459 345 1547 ginem
374 1457 563 1522 Brixianam
592 1455 784 1544 municipem
815 1456 977 1542 quandam
1004 1479 1097 1522 suam
1124 1457 1159 1521 in
1179 1457 1287 1522 matri·

236 1574 383 1640 monium
405 1572 568 1640 Veronam
592 1572 735 1653 deduxit,
757 1572 814 1638 scd
835 1573 973 1660 turpiter
994 1573 1036 1639 ab
1057 1572 1112 1638 illa
1133 1573 1287 1660 deceptus

238 1701 303 1774 est,
324 1715 396 1757 curn
418 1712 476 1778 pro
498 1711 600 1755 uxore
621 1689 736 1776 pudica
758 1698 790 1755 et
811 1689 876 1756 fida
896 1689 1063 1755 mulierem
1083 1689 1286 1756 libidinosam

236 1818 373 1874 nanctus
402 1816 502 1889 essct,
530 1827 613 1892 qnae
643 1805 707 1872 iam
736 1814 832 1871 autea
858 1827 934 1877 cnm
960 1805 1040 1870 niris
1067 1805 1286 1892 conpluribus,

237 1924 338 1990 ueluti
370 1944 444 1988 cnm
465 1922 631 1989 Postumio
657 1932 690 1986 et
712 1919 862 1988 Cornelio
884 1934 918 1986 et
937 1916 1048 2007 ‘longo
1061 1920 1211 2009 quodam
1230 1921 1287 1986 ho·

236 2035 340 2122 mine’,
373 2039 471 2104 immo
497 2061 569 2104 oum
600 2039 670 2126 ipso
700 2037 830 2104 Caecilii
851 2036 959 2102 mariti
979 2047 1071 2124 patre
1103 2037 1288 2104 adulterare

237 2165 458 2222 consueuerat
500 2155 595 2220 huius
619 2153 826 2219 mulierculae
846 2152 972 2239 flagitia
990 2163 1027 2219 nt
1043 2155 1285 2241 perstringeret,

237 2273 386 2341 Catullus
407 2295 480 2338 cum
508 2272 603 2337 ianne
637 2270 765 2336 aedium
794 2291 906 2336 earnm
935 2271 967 2336 in
996 2270 1114 2357 quibus
1140 2270 1287 2338 adultera

174 2367 180 2376 ’
236 2391 406 2458 habitabat
448 2387 652 2474 conloquium
695 2388 853 2468 instituit,
887 2386 921 2451 in
963 2409 1027 2472 quo
1060 2388 1189 2453 ianuam
1224 2387 1287 2453 sibi

235 2508 403 2594 quaerenti
434 2505 578 2571 facinora
611 2526 685 2570 erac
718 2527 821 2570 nouae
851 2514 1034 2570 narrantem
1066 2504 1152 2570 fecit.
1216 2526 1286 2569 sen·

236 2623 368 2689 tentiam
409 2631 552 2688 noemam
601 2620 865 2708 qualemcumque
910 2622 956 2687 ita
1000 2623 1122 2709 optimc
1156 2622 1285 2689 defendi

235 2762 332 2827 posse
365 2748 514 2827 putamus
546 2747 582 2803 ut
614 2737 655 2802 dc
687 2738 914 2825 probabilitate
946 2740 1176 2806 sententiarum
1205 2761 1286 2827 quas

236 2857 291 2922 alii
313 2856 467 2921 dixerunt
488 2853 690 2921 disseramus.
733 2856 873 2942 primum
895 2857 1061 2943 quaeritur
1075 2878 1141 2943 qua
1157 2856 1190 2920 in
1205 2856 1286 2921 urbe

236 2972 350 3038 domus
378 2972 513 3037 scelesta
540 2994 604 3037 una
641 2995 713 3037 cum
744 2983 891 3037 matrona
919 2983 952 3037 et
979 2972 1076 3038 ianua
1104 2974 1158 3038 illa
1178 2971 1285 3039 fuerit

235 3090 402 3155 Antonius
435 3088 627 3154 Parthenius
658 3088 791 3154 Brixiae
826 3090 956 3155 domum
991 3088 1089 3155 fuisse
1122 3090 1286 3156 contendit

235 3206 368 3273 ridicule
400 3206 521 3271 addens
555 3206 589 3272 in
620 3227 715 3271 uersu
748 3206 806 3288 34,
840 3204 874 3271 in
908 3228 972 3294 quo
1001 3207 1099 3272 ianua
1120 3207 1284 3272 Veronam

233 3317 344 3391 ‘snam’
366 3321 527 3411 adponat,
556 3333 686 3409 poetam
715 3323 755 3388 ad
778 3344 869 3388 suam
889 3322 989 3411 ipsius
1016 3326 1128 3391 urbem
1147 3324 1285 3411 patriam

235 3441 409 3527 respicere.
452 3462 510 3527 pro
533 3440 646 3505 Brixia
668 3438 777 3527 Scipio
800 3462 932 3529 quoque
945 3439 1096 3506 Maffeius
1117 3441 1285 3528 pugnauit,

235 3558 292 3645 qni
314 3572 427 3622 uersus
448 3557 490 3622 33
512 3567 544 3624 et
565 3558 606 3621 34
626 3556 750 3644 spurios
776 3578 847 3622 esse
867 3557 1045 3624 contendit.
1081 3557 1168 3646 quod
1190 3558 1285 3623 unice

236 3694 347 3741 nerum
372 3673 473 3739 estid
494 3672 641 3760 Scaliger
662 3675 786 3762 primus
807 3675 956 3741 docuisse
977 3674 1112 3755 uidetur,
1135 3674 1286 3740 Veronae

235 3790 333 3857 aedes
354 3790 425 3855 illas
447 3790 548 3855 fuisse
570 3802 602 3856 et
622 3791 742 3857 ibidem
769 3814 803 3857 se
822 3814 896 3857 cum
917 3792 1016 3859 ianua
1037 3790 1285 3879 conloquentem

234 3916 363 3994 poetam
386 3907 503 3972 fecisse
525 3931 533 3971 ε
555 3906 617 3971 hoc
645 3929 688 3971 ex
718 3928 814 3972 uersu
841 3908 883 3971 34
912 3907 998 3973 clare
1027 3909 1164 3973 elucere.
1208 3906 1285 3974 Sea·

233 4025 372 4110 ligerum
394 4023 508 4088 merito
530 4022 646 4089 Petrus
666 4022 849 4090 Galeardus
870 4034 903 4090 et
915 4024 1053 4111 Vulpius
1076 4024 1178 4091 secuti
1199 4036 1285 4104 sunt,

234 4161 373 4228 quorum
403 4139 541 4228 uestigia
574 4140 722 4207 deserere
750 4140 971 4207 Froehlichios
1004 4151 1038 4207 et
1064 4141 1283 4209 Rossbachius

233 4279 299 4324 non
335 4256 505 4324 debebant.
555 4278 691 4344 qnorum
720 4269 858 4347 uterque
884 4278 971 4324 noua
998 4280 1151 4325 uersuum
1178 4258 1282 4329 distri-
