3342 5200
398 640 432 695 64
664 628 716 683 llll
750 626 798 679 ΒΕ
814 614 993 677 69021328
1011 609 1171 670 aarum

398 803 587 873 confidimus
617 818 700 888 quae
730 792 880 862 Clodiam
909 798 944 855 et
974 783 1180 853 libidinosam
1211 786 1246 843 et
1281 772 1462 838 scelestam

400 920 564 988 mulierem
595 914 694 981 fuisse
723 909 909 998 probarent
961 901 1027 968 iam
1061 894 1230 985 quaeritur
1266 910 1332 978 quo
1369 904 1464 951 anno

403 1034 506 1105 Caelii
536 1052 628 1097 amor
660 1026 795 1097 Clodiae
827 1018 997 1089 exarserit.
1051 1036 1118 1101 qua
1156 1010 1198 1074 de
1231 1029 1268 1073 re
1299 1004 1466 1070 adnotan-

403 1152 479 1219 dum
521 1158 571 1215 eat
615 1144 906 1232 Iungclausseuum
946 1135 981 1219 (l
1025 1154 1053 1197 c.
1094 1151 1127 1217 p.
1173 1125 1228 1208 14)
1271 1120 1334 1188 etsi
1374 1118 1468 1183 falsa

403 1290 470 1335 non
510 1265 640 1345 docuit,
681 1270 788 1327 tamen
827 1254 869 1320 sd
913 1260 1014 1317 testes
1048 1246 1183 1313 fallaces
1215 1233 1489 1329 prouocauisse..

404 1383 679 1470 Iungclaussenus
701 1375 787 1441 enim
808 1394 852 1437 ex
871 1368 917 1435 eis
938 1387 1023 1455 quac
1044 1365 1256 1429 Drumannus
1272 1354 1339 1420 HR
1354 1375 1376 1416 u
1396 1350 1468 1415 412

406 1497 570 1584 congessit
600 1493 758 1581 adparere
786 1488 833 1553 ait
869 1483 1015 1553 Caelium
1047 1478 1171 1545 Rufum
1206 1493 1294 1539 anno
1331 1469 1471 1534 demum

407 1612 525 1688 695159
546 1634 588 1677 ex
608 1608 740 1689 Africa,
761 1604 818 1670 ubi
840 1601 881 1681 Q.
903 1598 1039 1681 Pompei
1060 1594 1139 1661 Rufi
1159 1586 1367 1679 proconsulis
1389 1606 1469 1649 con·

408 1726 586 1796 tubemalis
606 1723 730 1805 suisset,
751 1740 921 1785 reuersum
941 1735 1019 1782 mox
1040 1712 1075 1777 in
1096 1707 1195 1776 aedes
1211 1702 1350 1771 Clodiae
1369 1699 1471 1765 inmi-

410 1843 564 1932 grauisse.
605 1840 661 1905 sed
691 1858 776 1903 anno
801 1833 920 1911 695159
948 1832 1078 1895 demum
1107 1823 1257 1891 Caelium
1285 1842 1330 1885 ex
1352 1814 1472 1883 Africa

410 1957 544 2024 rediisse
574 1975 680 2041 noque
711 1953 797 2018 ullus
819 1958 966 2015 ueterum
994 1943 1191 2030 scriptorum
1211 1940 1305 2004 locus
1326 1940 1472 1999 testatur

410 2096 517 2163 neque
537 2074 745 2139 Drumannus
772 2067 843 2153 ipse
871 2061 1062 2129 adfirmauit.
1104 2057 1205 2123 nihilo
1226 2054 1335 2119 minus
1355 2060 1473 2115 tamen

411 2192 498 2259 idem
511 2190 720 2253 Drumannus
735 2182 887 2249 derebus
907 2199 974 2245 non
993 2175 1091 2243 nullis
1109 2196 1181 2239 cum
1196 2171 1258 2235 hac
1274 2167 1475 2257 quaestione

412 2306 591 2375 coniunctis
612 2324 677 2367 non
698 2300 827 2367 omnino
854 2305 944 2362 recte
972 2290 1125 2359 statuisse
1153 2287 1292 2353 uidetur.
1336 2304 1391 2347 rea
1421 2282 1476 2348 ita

414 2446 449 2490 se
477 2420 583 2486 habet.
627 2415 741 2483 Cicero
773 2414 807 2478 in
834 2412 1009 2480 Caelianus
1029 2408 1072 2473 30
1094 2406 1135 2471 73
1162 2412 1277 2469 narrat
1307 2398 1474 2481 Caelium,

414 2560 487 2608 cum
509 2536 653 2624 paullum
671 2532 799 2598 roboris
819 2528 1008 2597 accessisset
1029 2524 1097 2591 eius
1119 2522 1239 2603 aetati,
1264 2519 1299 2583 in
1320 2516 1478 2582 Africam

415 2657 456 2738 Q.
472 2655 604 2741 Pompei
618 2647 817 2739 proconsulis
839 2643 1104 2710 contubernalem
1125 2640 1310 2728 profectum
1332 2655 1415 2715 esse,
1440 2642 1480 2698 et

416 2769 588 2842 Sallustius
603 2767 691 2851 (Cat.
702 2763 758 2849 30)
775 2763 815 2841 Q.
827 2761 1020 2846 Pompeium
1034 2759 1160 2824 Rufum
1174 2763 1362 2844 praetorem
1376 2749 1479 2815 initio

414 2887 533 2956 mensis
569 2879 764 2951 Nouembris
794 2901 824 2942 a.
856 2875 974 2953 691163
1004 2883 1115 2939 narrat
1150 2870 1302 2958 Capuam
1337 2867 1479 2932 missum

416 3025 488 3072 esse
514 3012 550 3066 ut
577 3023 636 3088 pro
667 3008 812 3082 tempore
840 3004 937 3079 atque
964 2989 1109 3079 periculo
1131 2988 1209 3053 belli
1231 2986 1361 3072 seruilis
1383 2982 1480 3071 quod

416 3123 551 3186 instaret
565 3110 766 3204 opprimendi
779 3131 895 3176 caussa
909 3107 1086 3173 exereitum
1101 3111 1305 3191 conpararet
1342 3108 1481 3187 praeter

417 3236 477 3300 hos
499 3229 577 3294 duos
597 3233 687 3296 locus
708 3225 814 3292 nullus
835 3222 928 3289 adest
950 3244 1015 3311 qno
1030 3223 1072 3304 Q.
1087 3221 1265 3309 Pompeius
1287 3218 1399 3284 Rufus
1421 3215 1483 3280 ille

419 3354 696 3415 commemoratur.
740 3351 849 3405 tamen
871 3341 1081 3404 Drumannus
1115 3340 1171 3421 (uu
1193 3336 1273 3419 316)
1309 3334 1413 3400 relert
1435 3331 1483 3412 Q.

419 3459 610 3557 Pompeium
631 3459 754 3526 Rufum
774 3465 957 3542 praetorem
981 3479 1066 3520 anno
1086 3454 1206 3531 691163
1228 3452 1382 3540 Capuam
1404 3449 1483 3514 mis-

419 3597 493 3644 sum
523 3572 567 3638 ibi
599 3595 656 3659 per
694 3593 820 3638 menses
860 3570 983 3658 aliquot
1011 3570 1088 3636 anni
1118 3569 1239 3646 692162
1271 3566 1484 3650 remansisse,

354 3783 357 3790 Δ
420 3687 538 3758 deinde
559 3713 588 3753 a.
608 3689 723 3766 663161
747 3709 787 3751 ex
809 3698 964 3772 praetura
983 3684 1213 3772 proconsulem
1235 3685 1385 3750 Africam
1407 3705 1485 3772 pro·

420 3801 561 3872 uinciam
593 3801 839 3868 administrasse.
883 3811 916 3866 at
943 3800 1030 3865 unde
1061 3800 1275 3864 Drumannus
1307 3800 1404 3865 nouit
1436 3797 1483 3880 Q.

422 3916 614 4002 Pompeium
636 3940 720 3983 anno
740 3917 859 3994 692162
882 3917 917 3981 in
938 3937 1018 4002 agro
1043 3914 1212 4001 Campano
1239 3926 1487 3983 commoratum

422 4029 553 4103 fuisse?
595 4033 683 4097 nullo
704 4033 889 4098 testimonio
908 4032 989 4097 haec
1010 4032 1173 4097 sententia
1194 4032 1394 4098 defenditur.
1439 4055 1487 4098 an

425 4151 634 4220 Drumannus
673 4145 713 4226 Q.
750 4148 905 4233 Pompeio
937 4147 1097 4234 inperium
1131 4148 1165 4214 in
1202 4171 1326 4214 annum
1359 4148 1488 4226 692162
