3342 5200
443 676 493 724 214
643 669 720 722 vnn
753 671 802 723 DE
819 669 976 722 CAESARE
994 670 1041 722 ET
1058 670 1298 723 cassamus

440 859 498 925 pro
526 836 683 903 librorum
712 839 835 903 masilia
863 837 1036 925 legendum
1062 858 1132 903 esse
1152 838 1323 904 Macellum
1351 837 1489 921 coniecit,

444 977 507 1041 quo
534 956 664 1019 nomine
691 953 834 1020 Muciam
856 954 991 1041 Pompei
1019 976 1155 1020 uxorem
1182 953 1320 1020 tertiam
1350 954 1488 1043 designa·

442 1082 508 1137 tam
530 1094 599 1136 esse
620 1071 698 1135 uult.
741 1080 775 1136 et
802 1072 941 1158 primum
962 1071 988 1135 si
1009 1071 1187 1137 litterarum
1209 1071 1332 1137 ductus
1356 1072 1489 1138 conside

442 1211 565 1270 ramus,
587 1188 739 1253 Pleitneri
760 1196 945 1253 correctura
965 1187 1006 1253 ad
1029 1188 1158 1253 modum
1179 1188 1306 1272 facilis,
1339 1190 1489 1256 deindea

442 1304 591 1370 uocabuli
612 1304 804 1370 formatione
826 1313 859 1369 et
875 1327 936 1368 usu
950 1303 1102 1390 loquendi
1118 1303 1196 1369 satis
1215 1313 1290 1371 tuta
1307 1315 1369 1372 est.
1406 1305 1489 1372 sicuti

444 1422 529 1487 enim
550 1420 709 1486 Domitalla
736 1443 756 1485 a
777 1420 916 1486 Domitia
939 1420 1095 1486 Gamla
1121 1442 1141 1485 a
1170 1420 1305 1487 Claudia
1334 1425 1490 1490 Terentilia

444 1562 462 1602 a
488 1540 625 1601 Terentia
640 1536 761 1602 Liuilla
782 1560 801 1601 a
823 1537 926 1602 Liuia
948 1536 1099 1602 Octoaillo
1119 1537 1160 1603 ab
1177 1535 1311 1604 Octauia
1334 1540 1393 1605 uel
1413 1540 1490 1629 apud

444 1653 608 1719 Catullum
629 1654 734 1739 ipsum
755 1676 871 1719 xxxxv
894 1654 933 1718 13
950 1652 1172 1739 Septimillusa
1188 1652 1341 1740 Septimio
1355 1666 1490 1740 manant,

443 1772 488 1836 ita
510 1771 647 1835 Mucella
667 1793 686 1835 a
707 1769 816 1836 Mucia
839 1769 1013 1835 deriuatur.
1056 1792 1162 1857 neque
1181 1773 1339 1839 uocabuli
1356 1774 1492 1850 demina·

443 1888 488 1952 tio
511 1887 660 1968 offendit,
690 1899 726 1953 ut
747 1897 825 1975 pote
839 1874 942 1974 'quam
965 1886 1092 1954 Catullo
1119 1887 1215 1952 ualde
1239 1888 1410 1975 placuisse
1429 1892 1492 1958 aliis

445 2003 597 2090 exemplis
619 2013 774 2069 constet:
796 2006 987 2091 praesertim
1016 2027 1089 2069 cum
1115 2006 1186 2092 ipso
1212 2005 1376 2073 hocloco
1397 2009 1493 2075 forms

444 2121 641 2186 deminutiua
663 2143 735 2185 cum
762 2130 949 2209 contemptu
976 2118 1115 2206 quodam
1145 2121 1313 2207 aptissime
1344 2134 1493 2213 usurpata

445 2236 546 2302 uideri
568 2236 679 2324 possit.
717 2246 748 2301 et
761 2237 893 2301 nomina
907 2238 1037 2324 propria
1055 2237 1185 2323 quidem
1200 2236 1354 2305 Catullus
1369 2250 1494 2328 praeter

446 2353 612 2439 Septimius·
638 2376 774 2436 nomen,
804 2353 891 2441 quod
919 2353 1017 2418 modo
1040 2354 1308 2438 commemoraui,
1335 2366 1370 2423 et
1391 2382 1434 2424 xu
1458 2357 1492 2422 ll

445 2494 579 2536 xxxxvu
602 2470 642 2555 3,
672 2470 789 2556 quibus
818 2470 897 2535 locis
927 2471 1128 2537 Verannmlus
1155 2493 1214 2557 pro
1244 2472 1399 2541 Veraam'o
1419 2475 1493 2562 legi

445 2600 513 2671 tur,
536 2598 569 2653 et
590 2609 674 2652 nvnu
699 2590 715 2651 l
738 2586 957 2653 deminutione
981 2588 1109 2672 adfecit,
1131 2588 1188 2654 ubi
1202 2588 1354 2657 Caelium
1374 2593 1492 2659 Rufum

446 2704 653 2792 contemptim
689 2704 904 2770 deminuendo
938 2705 1091 2784 Rufulum
1125 2705 1267 2793 adpellat
1302 2709 1362 2792 (cf.
1399 2733 1492 2798 supra

446 2847 475 2909 p.
491 2823 556 2905 88).
593 2822 739 2887 similiter
752 2823 914 2887 Antonius
934 2820 968 2886 in
989 2823 1125 2908 epistula
1147 2845 1244 2910 quam
1259 2823 1301 2889 de
1318 2823 1492 2893 Octauiani

444 2939 609 3004 adulteriis
639 2938 767 3026 scripsit
797 2938 946 3004 mulieres
979 2939 1168 3026 quibuscum
1200 2939 1251 3005 hio
1281 2963 1352 3008 rem
1383 2942 1492 3010 habuit

447 3054 642 3121 deminutiue
677 3055 872 3138 nominauit,
906 3056 945 3120 cf.
976 3053 1123 3122 Suetonii
1153 3055 1270 3123 Octau.
1292 3058 1336 3123 69
1362 3060 1493 3146 quido

445 3174 597 3237 mutauit?
616 3173 697 3257 quod
709 3173 851 3258 reponam
872 3178 957 3237 ineo?
977 3174 1056 3238 eaor
1071 3197 1138 3238 meu
1156 3186 1208 3257 est.
1245 3198 1323 3240 nunc
1346 3178 1439 3262 coepi
1455 3200 1491 3241 aa

446 3293 551 3354 abhinc
580 3312 677 3353 annos
703 3294 839 3354 nouem?
869 3303 902 3354 ta
930 3289 1040 3354 dende
1070 3294 1165 3355 solum
1195 3291 1378 3359 Dmes'llum
1410 3296 1491 3359 smil

445 3410 486 3468 ito
506 3407 615 3469 auleas
642 3406 690 3469 uti
714 3417 761 3482 tu,
789 3409 869 3470 leae
890 3406 1054 3489 epistulam
1074 3429 1140 3471 cum
1169 3408 1268 3493 leqeo,
1300 3433 1361 3475 noa
1390 3413 1489 3476 interii

452 3523 610 3586 Tertullum
633 3535 687 3584 aut
713 3522 902 3586 Terentillam
923 3535 978 3586 aut
995 3521 1143 3607 Rufillam
1164 3535 1219 3587 aut
1237 3521 1383 3591 &luzam
1403 3527 1489 3592 Titio

447 3639 575 3703 centiam
596 3649 650 3702 aut
670 3661 780 3704 omnes.
803 3663 882 3703 unae
902 3639 1001 3723 refert
1021 3640 1074 3703 abi
1093 3651 1121 3704 et
1139 3644 1170 3705 in
1190 3663 1280 3726 ptum
1300 3648 1455 3727 ars-iqua?

530 3754 586 3820 Sic
607 3778 627 3819 a
647 3754 751 3819 forma
768 3754 949 3820 emendatio
964 3755 1120 3821 Pleitneri
1137 3757 1215 3822 satis
1228 3760 1488 3827 commendatur:

444 3872 604 3961 reliquum
628 3883 676 3937 est
698 3882 733 3938 ut
752 3894 944 3958 quaeramus
966 3897 1044 3938 num
1065 3897 1085 3938 a
1105 3895 1213 3938 rerum
1231 3896 1364 3962 quoque
1379 3897 1488 3943 memo

446 3989 493 4054 ria
527 3991 579 4073 (id
612 3991 697 4078 quod
729 3989 906 4076 principale
936 3990 1006 4074 est)
1047 3990 1234 4078 simpliciter
1263 4001 1295 4056 et
1335 4003 1413 4080 apte
1444 3993 1487 4058 de

446 4105 533 4171 fendi
562 4106 684 4193 possit,
716 4106 778 4172 hoo
812 4118 861 4172 est
891 4130 967 4172 num
1000 4130 1083 4195 quae
1116 4107 1156 4172 de
1183 4107 1294 4173 Mucia
1322 4110 1487 4177 memoria

446 4223 566 4290 tradita
593 4235 668 4289 sunt
695 4246 769 4290 oum
796 4224 843 4290 eis
863 4247 947 4311 quae
967 4225 1110 4292 carmine
1131 4243 1206 4291 exin
1229 4225 1386 4293 docemur
1414 4233 1486 4297 bens
