3342 5200
430 625 479 675 184
714 620 739 672 V
772 620 819 673 Du
837 618 1016 673 morsuve
1032 620 1186 674 sarvam

425 808 552 855 amores
582 810 646 853 non
684 786 761 852 dum
800 786 947 853 turbatos
988 786 1181 875 ascripsisse
1233 797 1346 853 contm
1376 786 1472 855 aunis

423 904 542 983 695l59
568 914 602 971 et
627 903 743 981 696l58
775 902 883 969 omnia
910 903 964 969 illa
989 906 1133 971 carmina
1160 902 1368 970 attribuenda
1394 914 1473 970 sunt

424 1020 594 1110 inquibus
615 1018 764 1089 Catullus
783 1030 841 1086 aut
861 1020 903 1087 ds
916 1020 1035 1086 Lesbia
1049 1021 1173 1109 perfida
1195 1030 1251 1087 aut
1271 1020 1313 1085 de
1334 1021 1470 1087 aemulis

424 1137 541 1203 amoris
560 1137 611 1202 sui
632 1138 793 1226 scripsit:
818 1160 884 1226 qua
904 1138 938 1203 in
966 1160 1002 1203 re
1023 1138 1178 1226 explicari
1199 1137 1313 1224 nequit
1332 1159 1399 1226 quo
1420 1159 1472 1203 or·

425 1256 499 1321 dine
520 1252 667 1322 Catullus
689 1255 831 1321 aemulos
852 1256 932 1322 istos
953 1264 1143 1343 persecutus
1164 1255 1222 1337 sit,
1251 1254 1313 1320 hoc
1334 1264 1384 1320 est
1405 1277 1471 1341 quo

424 1371 521 1437 modo
543 1372 577 1436 in
597 1370 718 1438 Lesbia
739 1372 876 1438 amanda
896 1370 1002 1439 Clodii
1018 1370 1115 1439 Gellii
1136 1370 1240 1439 Caelii
1261 1370 1395 1457 Egnatii
1417 1370 1472 1437 alii

425 1510 460 1555 ss
489 1489 686 1575 exceperint.
734 1497 844 1554 tamen
871 1488 898 1553 si
924 1488 1001 1575 quid
1029 1488 1159 1553 ariolari
1184 1488 1280 1571 licet,
1309 1487 1471 1576 equidem,

424 1627 497 1670 cum
519 1626 603 1670 auno
624 1603 742 1682 694160
760 1603 825 1670 iam
856 1626 966 1671 rumor
996 1606 1037 1671 de
1068 1603 1176 1671 Clodii
1200 1603 1326 1670 incestu
1347 1604 1471 1671 sororio

426 1730 520 1802 esset,
542 1721 720 1787 censuerim
734 1742 865 1787 carmen
878 1741 1011 1788 Lxxvnu
1024 1722 1059 1788 in
1073 1720 1171 1787 limen
1194 1720 1326 1787 ulterius
1340 1720 1471 1808 generis

425 1838 604 1903 carminum
630 1837 672 1903 ad
701 1837 854 1903 Lesbiam
882 1840 1100 1925 spectantium
1127 1836 1361 1905 conlocandum
1391 1860 1470 1905 esse

426 1952 543 2020 deiude
570 1954 640 2019 ueri
666 1952 859 2020 simillimum
889 1966 939 2021 est
969 1956 1113 2021 carmina
1144 1956 1179 2020 in
1205 1953 1351 2021 Caelium
1384 1976 1471 2020 anuo

425 2070 542 2147 696758
563 2070 682 2158 scripta
702 2092 782 2154 esse,
804 2080 872 2136 tum
893 2071 1038 2138 carmina
1058 2070 1207 2138 Gelliana
1227 2071 1313 2137 inter
1334 2091 1472 2137 Lxxvrsu

426 2198 459 2253 et
473 2186 627 2253 Caeliana
646 2188 892 2270 conlocauerim,
913 2189 1054 2277 denique
1074 2190 1132 2277 qui
1147 2188 1181 2254 in
1196 2188 1376 2277 Egnatium
1398 2210 1472 2253 con·
1588 2203 1589 2206 ’

425 2304 501 2370 ieeti
529 2314 602 2369 sunt
631 2326 762 2388 uersus,
793 2326 867 2370 cum
895 2305 1049 2373 Lesbiam
1078 2305 1255 2371 maximum
1284 2306 1319 2371 in
1339 2305 1472 2372 modum

427 2420 621 2508 degenerem
640 2422 788 2508 prodant,
810 2421 918 2509 paullo
940 2432 1016 2489 aute
1038 2445 1135 2511 quam
1155 2422 1322 2490 mulierem
1342 2421 1474 2487 foedam

427 2537 568 2606 deseruit
579 2536 726 2605 Catullus
737 2540 874 2628 scripsit
895 2541 978 2606 sicut
992 2538 1138 2608 Catullus
1152 2562 1211 2628 per
1223 2540 1473 2629 quadriennium

427 2655 659 2722 consuetudine
679 2657 817 2745 quadam
841 2680 912 2723 cum
927 2656 1047 2723 Lesbia
1065 2659 1256 2724 coniunctus
1278 2667 1336 2738 est,
1358 2658 1406 2722 ita
1419 2657 1474 2722 Ti·

427 2773 533 2840 bullus
555 2772 669 2839 Deliae
696 2795 805 2840 amore
826 2774 905 2840 item
924 2796 984 2862 per
1005 2775 1251 2862 quadriennium
1272 2797 1348 2839 usus
1369 2783 1420 2839 est
1439 2783 1474 2840 et

427 2890 618 2979 Propertius
639 2890 681 2955 ad
703 2890 891 2978 Cynthium,
923 2913 1008 2978 quae
1037 2894 1084 2976 ci,
1120 2901 1156 2957 ut
1185 2891 1306 2960 Lesbia
1334 2889 1476 2973 Catullo,

426 3017 534 3074 aetate
560 3008 756 3094 praecessit,
788 3007 844 3093 (cf.
873 3007 1083 3096 Hertubergii
1105 3017 1229 3096 quaest.
1250 3007 1349 3096 Prop.
1370 3031 1402 3095 p.
1425 3008 1475 3072 17.

426 3123 482 3210 38)
503 3123 619 3190 cecinit

589 3301 722 3387 quiaque
743 3300 804 3366 tcds'
815 3303 903 3386 potui
921 3301 1039 3364 souare
1053 3299 1187 3385 fideliler
1207 3323 1313 3365 annua

508 3483 579 3548 Iam
601 3482 708 3548 omnia
729 3483 951 3569 congessimus
972 3503 1057 3570 quae
1078 3482 1121 3548 ad
1139 3481 1280 3549 Lesbiae
1300 3492 1335 3548 et
1355 3481 1478 3548 Catulli

428 3620 552 3664 amores
584 3598 773 3664 iudicandos
803 3599 956 3664 momenti
988 3599 1122 3666 alicuius
1157 3609 1240 3666 suut
1294 3599 1344 3666 his
1376 3601 1478 3666 subti-

426 3715 501 3781 liter
542 3714 754 3782 consideratis
797 3715 854 3782 uix
896 3715 957 3782 erit
992 3717 1047 3805 qui
1088 3718 1254 3805 uituperet
1292 3717 1381 3807 quod
1415 3739 1477 3784 uos

427 3833 605 3897 sententiae
635 3835 699 3898 iam
728 3833 848 3899 dudum
876 3835 1061 3922 propositae
1097 3845 1130 3900 et
1157 3835 1302 3924 plurimis
1329 3837 1478 3902 uirorum

429 3946 685 4014 doctissimorum
705 3949 905 4036 adprobatae
931 3952 1132 4017 accessimus.
1174 3961 1283 4019 tamen
1317 3953 1477 4020 hocloco

430 4073 621 4150 argumenta
657 4065 773 4153 quibus
803 4064 878 4132 freti
915 4064 1036 4133 Catulli
1076 4067 1230 4136 Lesbiam
1265 4069 1402 4136 eandem
1430 4079 1479 4136 at-

436 4201 499 4267 que
538 4179 682 4248 Clodiam
718 4181 979 4268 quadrantariam
1019 4185 1119 4251 fuisse
1160 4186 1383 4255 contendimus
1418 4210 1480 4277 per
