3342 5200
487 583 526 632 xl
560 583 608 634 DE
625 582 658 633 G.
675 581 806 634 LICINIO
824 583 941 634 cmo
1193 585 1242 636 257

78 745 79 754 ³
198 745 256 830 (cf.
286 747 383 812 etism
411 746 604 836 Bernhardii
630 749 705 814 hist.
734 749 796 814 litt.
825 748 898 815 Lat.
920 772 952 835 p.
974 749 1061 831 462).
1104 760 1247 816 ceterum

198 863 239 928 de
261 862 355 930 Sulla
375 863 429 930 illo
451 864 515 928 iam
529 864 689 946 Muretus,'
711 865 763 929 cui
783 865 875 930 multi
897 865 1023 931 adsensi
1044 854 1144 950 sunt.
1159 875 1247 930 recte

199 979 388 1067 exposuisse
410 979 539 1045 uidetur
558 980 608 1046 his
629 983 738 1048 uerbis
758 1007 766 1047 ε
787 985 823 1046 de
839 980 929 1047 Sulla
944 986 1147 1071 psammetico
1166 983 1251 1049 allel

198 1096 281 1161 ullbs’
312 1099 409 1185 leqere
442 1100 573 1163 memini
625 1110 744 1164 tantam
778 1100 898 1185 repersi>
934 1098 1043 1183 fnisse
1075 1098 1247 1164 Corneliam

198 1213 349 1298 quendum
369 1213 544 1300 Epicadum
569 1213 677 1280 Sallus
706 1216 870 1298 libertum,
901 1221 954 1302 qui
972 1208 1056 1301 fleri
1080 1217 1178 1300 potuit
1205 1229 1246 1298 ut,

198 1351 263 1394 mm
287 1331 350 1395 ss'bt‘
369 1329 407 1394 de
428 1355 508 1395 more
526 1333 776 1415 patrocinantes
797 1332 1034 1417 adsumpsisset,
1066 1334 1158 1398 etium
1178 1333 1247 1418 s'pso

81 1529 83 1536 Ι
199 1447 331 1510 esiesdem
362 1448 539 1532 coquomsits
570 1471 590 1512 a
619 1450 733 1533 populo
769 1447 966 1533 adficeretur.
1020 1447 1072 1512 oui
1104 1446 1246 1534 opinioni

199 1569 381 1650 temporum
413 1562 543 1650 quidem
575 1564 658 1628 ratio
690 1587 756 1630 non
783 1564 900 1630 obstat.
929 1564 984 1645 ⁴do
1011 1563 1158 1651 Epicado
1185 1564 1246 1628 hoc

198 1675 373 1744 Suetonius
395 1678 437 1743 de
451 1700 588 1765 gramm.
605 1679 644 1743 12
664 1679 744 1745 haec
765 1681 864 1746 habat
884 1706 891 1745 :
914 1681 1072 1747 comum
1085 1680 1247 1766 Epicadus

199 1795 239 1860 L.
264 1793 398 1860 Oornedi
417 1793 526 1862 Sullae
552 1797 708 1860 muris
736 1797 861 1862 liberm
891 1800 1063 1883 solatorque
1086 1799 1124 1862 s'a
1145 1821 1245 1862 sacer·

199 1912 277 1976 dolio
306 1913 456 1999 aopstoli
478 1912 548 1995 fillo
576 1936 691 2000 quoque
718 1916 786 1978 aas
811 1917 926 1980 Fausto
950 1914 1151 2001 pratlsss‘mus
1163 1913 1246 1999 fait.

198 2050 292 2113 quare
320 2050 482 2113 aoanaam
512 2051 572 2093 non
598 2029 758 2114 utriusque
778 2051 810 2094 ss
830 2029 967 2094 libertem
988 2029 1094 2094 edidit
1134 2030 1245 2095 libram

78 2131 79 2146 ¹
198 2157 297 2208 cutem
326 2167 414 2230 quem
443 2142 528 2208 Sulla
555 2145 745 2209 nwsssimum
773 2147 810 2208 ds
837 2144 926 2209 rebus
952 2150 1013 2208 susis
1040 2145 1244 2230 inperfectum

197 2261 324 2348 reliquit
350 2266 418 2346 ipse
444 2262 590 2347 suppleuit
618 2261 674 2346 (cf.
693 2258 850 2325 Friderici
872 2259 997 2326 Osanni
1026 2261 1245 2346 symbolarum

197 2379 238 2443 ad
266 2376 327 2443 litt.
351 2377 408 2443 Gr.
435 2385 469 2443 et
489 2377 561 2442 Lat.
586 2401 602 2440 ιι
625 2377 710 2460 359).
740 2413 781 2422 -
812 2379 841 2442 E
863 2377 967 2465 poetis
996 2378 1244 2464 inelegantibus,

198 2516 334 2582 quorum
357 2495 550 2560 carminibus
566 2494 712 2562 Catullus
733 2517 851 2560 munus
868 2494 947 2559 illud
962 2494 1126 2560 funestum
1142 2494 1245 2560 Caluo

198 2621 461 2679 remuneraturus
492 2610 570 2694 finit,
600 2612 721 2698 primns
743 2609 879 2677 Caesius
906 2612 1002 2699 plane
1030 2613 1162 2699 ignotus
1183 2621 1243 2694 est,

198 2729 281 2793 alter
303 2730 451 2816 Aquinus
473 2737 506 2792 et
526 2729 640 2793 tertius
662 2727 815 2795 Suffenus
835 2728 893 2793 uix
913 2729 946 2792 in
967 2737 1112 2793 nostram
1126 2750 1244 2793 memo·

198 2846 278 2911 riam
301 2854 468 2910 uenerunt.
510 2844 636 2933 Aquini
666 2845 750 2909 enim
778 2867 896 2910 nomen
926 2844 1023 2911 etism
1045 2843 1160 2911 Cicero
1190 2843 1245 2909 ad·

197 2959 303 3027 hibuit
317 2961 349 3025 in
365 2960 618 3048 disputationum
632 2961 890 3027 Tusculanarum
904 2983 925 3026 v
938 2961 980 3025 22
998 2962 1039 3026 63
1054 2970 1091 3027 ut
1105 2961 1244 3049 exempli

78 3122 79 3125 =
197 3078 270 3143 loco
291 3087 421 3165 poetam
435 3078 605 3165 pessimum
622 3076 818 3164 designaret.
859 3077 960 3142 uerba
981 3087 1057 3142 sunt
1077 3078 1157 3142 haec
1177 3100 1185 3139 ε
1207 3079 1244 3143 la

197 3200 251 3261 ltoc
270 3218 381 3283 persero
402 3197 601 3281 (poetarum)
630 3196 737 3259 casoto
763 3218 822 3281 quo
848 3206 939 3279 parto
965 3198 1065 3281 παρὰ
1091 3217 1186 3280 qoam
1213 3198 1244 3257 iu

175 3313 272 3377 'ullis
299 3334 389 3375 suam
417 3316 523 3397 cuique
548 3312 692 3397 pulcrum
720 3324 764 3376 est
783 3337 795 3377 .·
815 3312 914 3375 adhuc
940 3311 1089 3375 nomm
1112 3311 1247 3397 coqaous'

197 3440 328 3513 poetam,
350 3439 377 3491 et
397 3428 478 3492 miti·
496 3427 562 3507 fuit
582 3450 652 3492 cum
674 3426 801 3513 Aquino
823 3427 884 3511 (sic
903 3426 1004 3509 enIm,
1019 3448 1084 3491 non
1106 3428 1244 3513 AquInso

77 3569 78 3586 ¹
198 3543 405 3609 scribendum
428 3544 490 3627 est)
513 3545 663 3626 amicitia,
687 3546 746 3630 qui
764 3545 825 3608 sibl
842 3566 904 3608 aon
923 3544 1059 3629 optimus
1079 3544 1245 3607 usileraur.

197 3659 398 3726 adeundam
426 3660 588 3725 hominem
609 3658 774 3726 Ciceronis
800 3660 909 3724 iocum
940 3658 1119 3747 quendam,
1150 3682 1247 3748 quem

197 3777 395 3843 Plutarchus
425 3775 481 3860 (of.
513 3776 581 3845 Cic.
612 3777 652 3841 27
686 3768 827 3860 Μάρκον
855 3772 1011 3841 >rustam
1042 3769 1155 3856 ἔχοντα
1184 3768 1245 3840 δύο

197 3884 368 3979 γαμβρούς
405 3887 556 3979 φυγάδας
588 3888 769 3979 '‘Adpuosos
808 3884 929 3977 ἐκάλει)
974 3893 1246 3973 commemorauit,

77 4019 79 4068 ‘2
200 4022 363 4098 spectasse
386 4009 594 4077 Weiohertus
626 4010 700 4095 (rel.
728 4019 814 4097 poet.
839 4010 911 4075 Lst.
933 4032 965 4097 p.
993 4010 1067 4094 141)
1091 4010 1160 4074 sine
1182 4010 1249 4075 ulls

199 4127 315 4195 idonea
337 4149 450 4193 caussa
465 4128 588 4193 statuit.
631 4128 670 4193 de
685 4126 781 4193 tertio
797 4127 882 4192 malo
896 4133 1001 4213 poeta,
1024 4126 1079 4212 qui
1098 4128 1246 4192 hocloco

1008 4226 1046 4290 ll
