3342 5200
406 620 441 670 ²0
689 612 704 667 1
737 610 786 665 DE
801 610 998 665 uotiuum
1015 608 1172 663 osum

406 782 562 849 certiores
580 779 660 848 facti
689 800 817 863 sumus,
847 777 889 844 de
908 774 1028 845 Ostulli
1048 775 1258 864 praenomine
1278 772 1454 865 quiequam
1589 751 1593 856 Ξ

406 898 556 966 concludi
578 906 705 987 potest,
736 916 844 985 neque
873 916 1004 983 sperare
1035 892 1112 961 licet
1138 893 1209 960 lore
1238 902 1276 959 ut
1303 914 1392 961 noua
1410 914 1455 959 ex

407 1014 643 1083 conlationibus
664 1012 781 1102 Heysii
808 1022 844 1079 et
870 1011 1007 1078 aliorum
1026 1032 1093 1077 non
1115 1008 1193 1076 dum
1213 1008 1308 1076 editis
1331 1009 1373 1076 de
1391 1010 1456 1078 bec

403 1132 594 1223 quaestione
614 1131 809 1217 detegantur
830 1151 839 1193 :
858 1130 902 1196 cf.
918 1149 1002 1217 qnae
1019 1125 1161 1214 Heysiua
1181 1127 1253 1215 ipse
1273 1126 1314 1192 de
1335 1126 1396 1193 bac
1416 1149 1455 1193 re

402 1252 437 1317 in
446 1250 647 1339 praefatione
660 1244 810 1313 editionis
828 1266 907 1311 suae
922 1267 955 1333 p.
969 1266 1024 1310 vsu
1038 1244 1129 1313 dixit
1158 1243 1244 1311 unde
1258 1242 1354 1309 simul
1367 1266 1454 1331 pers·

404 1368 523 1456 picitur
539 1364 580 1431 de
601 1362 716 1445 Quinti
735 1362 945 1450 praenomine
957 1384 1023 1428 uon
1044 1362 1182 1450 mplius
1196 1383 1292 1449 posse
1305 1360 1454 1448 cogitari.

406 1484 492 1573 quod
513 1470 682 1562 non'erit,
716 1479 851 1569 opinor,
880 1480 937 1568 qui
966 1476 1087 1553 Catulli
1115 1489 1149 1545 et
1168 1477 1267 1545 Plinii
1288 1478 1454 1545 codicibus

405 1606 461 1665 aut
490 1594 712 1663 deficientibus
744 1604 800 1661 aut
828 1594 1012 1661 fallentibus
1040 1594 1110 1661 sola
1129 1592 1280 1661 carminis
1301 1601 1391 1661 vau
1414 1594 1456 1660 12

406 1714 632 1781 emendatione
647 1710 818 1800 scaligeri,
839 1710 926 1779 unde
946 1712 980 1777 in
1000 1710 1062 1779 hec
1084 1710 1308 1800 disquisitione
1329 1712 1455 1799 agressi

406 1851 526 1913 sumus,
548 1829 723 1896 defendere
744 1828 832 1913 uelit,
857 1850 941 1915 quae
962 1831 1012 1912 (ut
1032 1829 1094 1895 hoo
1114 1829 1316 1916 argumentis
1336 1827 1456 1915 quibus

405 1968 504 2034 supra
523 1968 596 2012 eam
617 1945 798 2034 inpugnaui
820 1943 953 2029 addam)
974 1967 1016 2011 ne
1037 1967 1058 2010 a
1079 1942 1199 2012 Catulli
1220 1966 1281 2010 uen
1301 1942 1456 2033 loquendi

406 2061 538 2151 quidem
564 2062 643 2129 satis
671 2070 742 2128 tnta
770 2070 829 2129 est.
871 2083 947 2129 nam
975 2060 1037 2127 etsi
1058 2070 1156 2150 poeta
1176 2062 1312 2150 amplius
1332 2060 1455 2128 uiciens

406 2200 442 2244 se
462 2178 568 2265 ipsum
589 2177 720 2245 nomine
741 2177 934 2265 adpellauit,
960 2187 1070 2245 tumen
1090 2200 1266 2267 numquam
1286 2188 1343 2245 aut
1362 2199 1455 2267 prae·

405 2295 537 2361 nomine
552 2304 610 2361 aut
623 2294 763 2378 nomine,
778 2294 835 2363 sed
849 2316 977 2384 semper
987 2296 1183 2383 cognomine
1196 2318 1274 2363 usus
1285 2305 1344 2379 est,
1357 2295 1404 2362 ita
1415 2304 1456 2363 ut

405 2411 500 2478 facile
521 2412 563 2478 ad
592 2410 785 2479 sententiam
808 2410 1000 2478 inclinemus
1028 2410 1213 2496 Catullum,
1244 2414 1369 2480 siloco
1395 2412 1453 2479 illo

404 2549 522 2593 nomen
550 2550 644 2594 snum
665 2527 785 2597 addere
805 2528 977 2613 uoluisset,
1008 2529 1087 2595 item
1115 2530 1368 2618 cognominare
1398 2530 1454 2597 ad·

405 2645 600 2732 pollutorum
635 2645 768 2714 fuisse:
802 2656 973 2735 praeterea
1006 2647 1066 2714 uix
1100 2647 1365 2735 intellegeremus
1393 2669 1455 2714 cur

406 2760 554 2830 Catullus
586 2785 606 2829 a
635 2761 733 2828 ianua
765 2763 834 2830 solo
862 2765 1070 2852 praenomine
1099 2764 1154 2852 (ci
1182 2765 1312 2833 Horatii
1341 2775 1405 2834 eat
1432 2789 1454 2833 ιι

409 2883 422 2942 1
456 2877 499 2943 32
545 2897 565 2944 ιι
598 2878 619 2944 6
649 2878 714 2964 36)
761 2878 1010 2948 familiarimime
1059 2881 1236 2970 conpellari
1283 2880 1454 2950 uoluisset.
1598 2915 1599 3000 ι

405 2992 532 3060 accedit
565 3003 602 3060 ut
637 2993 786 3064 Catullus
822 3019 843 3062 a
880 2997 1141 3085 praenominibus
1175 2998 1379 3067 ncm'maudis
1416 2999 1453 3068 iu

405 3111 592 3178 uniuersum
637 3111 839 3184 abstinuerit.
880 3113 915 3180 in
948 3123 1018 3180 toto
1052 3115 1136 3182 enim
1171 3117 1242 3183 eius
1274 3116 1378 3199 libro,
1418 3116 1455 3182 in

405 3247 470 3314 quo
491 3228 654 3316 permulta
675 3229 804 3298 nomina
825 3240 859 3297 et
878 3230 1073 3318 cognomina
1092 3232 1265 3320 leguntur,
1296 3233 1362 3300 duo
1382 3242 1455 3300 tan·

403 3351 473 3408 tnm
502 3346 714 3431 praenomina
743 3355 777 3414 et
803 3347 851 3413 ita
880 3347 1011 3436 quidem
1033 3357 1071 3415 nt
1094 3348 1288 3437 cognomina
1308 3348 1383 3416 ilico
1405 3350 1454 3418 eis
1598 3381 1599 3390 ι

371 3467 374 3476 ’
406 3455 517 3524 addita
540 3459 604 3526 eint
625 3463 846 3551 reperiuntur,
881 3463 955 3530 uide
977 3465 1061 3532 131
1085 3465 1394 3551 οιιιωιιισωιιι,
1424 3472 1455 3534 ie

404 3573 469 3642 eti
484 3577 618 3660 parauit
630 3587 663 3643 et
674 3601 834 3646 xxxxvuu
849 3580 871 3644 2
884 3593 957 3668 quot
976 3594 1049 3648 ιιιιιι
1069 3593 1198 3670 quaeque
1213 3583 1317 3670 fuere,
1339 3586 1455 3651 Marce
1598 3633 1599 3638 κ

408 3689 518 3756 Tulli:
539 3714 613 3758 nam
635 3693 742 3762 Marii
768 3717 965 3784 praenomen
997 3697 1229 3767 Lachmannns
1254 3699 1288 3767 in
1320 3723 1452 3768 carmen

404 3823 504 3872 varu
522 3807 569 3874 ll.
581 3809 631 3876 30.
646 3810 687 3876 66
701 3812 895 3900 corrigendo
904 3814 986 3882 falso
1000 3815 1118 3884 intulit
1139 3815 1251 3907 itaque
1264 3817 1321 3886 uix
1334 3840 1453 3885 uereor

402 3942 444 3986 ne
469 3921 502 3988 in
526 3923 645 3992 crimen
668 3927 866 3996 credulitatis
887 3930 1036 4016 iucidm,
1058 3933 1086 3999 si
1106 3934 1273 4022 uulgatum
1294 3935 1453 4004 Italorum
1598 4003 1599 4006 ,

404 4050 619 4108 commentum
646 4065 751 4112 uuum
778 4047 835 4114 isti
852 4049 967 4136 populo
992 4055 1085 4116 ιἰιιιιιιι
1104 4053 1234 4140 quilque
1260 4053 1346 4140 facet
1371 4077 1453 4142 prae

404 4151 561 4244 Scaligeri
583 4167 616 4226 et
636 4158 838 4230 Lachmanui
858 4165 1052 4234 coniecturis
1073 4168 1309 4258 adprobauero.
