3342 5200
439 672 489 723 364
609 669 688 721 XIIII
721 670 769 721 DE
788 667 1003 722 CARMINIBVS
1019 667 1122 720 LXIIII
1138 667 1228 720 LXIII
1244 668 1319 721 LXII

440 845 472 901 et
493 835 619 913 694l60‚
641 857 769 901 carmen
793 846 903 903 autem
928 854 1005 899 nxvr
1027 833 1098 922 ipso
1121 834 1181 898 boc
1202 835 1385 922 posteriore
1406 859 1497 901 anno

438 953 556 1030 694l60
578 953 731 1040 scriptum
755 975 825 1018 esse
846 963 1069 1018 statueremus.
1145 971 1148 976 ·

521 1067 659 1135 Carmen
689 1089 797 1152 nxnn,
828 1070 868 1133 de
897 1068 987 1133 Pelei
1018 1078 1051 1133 ct
1071 1067 1225 1134 Thetidos
1251 1068 1372 1154 nuptiis
1402 1070 1493 1156 epyl-

438 1184 512 1267 lion,
536 1186 664 1272 quando
686 1196 784 1273 poeta
806 1186 972 1271 scripserit
995 1184 1167 1249 obscurum
1189 1194 1248 1266 est,
1273 1207 1381 1272 neque
1403 1185 1492 1271 quic·

437 1324 532 1388 quam
555 1303 634 1367 certi
657 1302 708 1367 uel
731 1302 901 1389 probabile
924 1324 964 1365 ex
986 1301 1139 1366 uniuersa
1159 1302 1264 1388 poesis
1282 1301 1490 1368 Catullianae

437 1419 545 1485 indole
567 1442 604 1484 ac
627 1421 752 1484 ratione
775 1419 835 1483 hac
859 1420 898 1484 de
919 1440 954 1483 rs
976 1418 1061 1482 effici
1078 1428 1192 1505 potest.
1208 1417 1370 1503 ’namque
1390 1419 1490 1483 etiam

438 1537 466 1602 si
498 1535 621 1622 poesim
637 1535 775 1601 catulli
807 1537 848 1601 ab
880 1545 1049 1623 poetarum
1083 1534 1285 1603 Graecorum
1306 1534 1490 1600 imitatione

437 1652 470 1716 in
496 1653 607 1739 primis
634 1675 743 1718 eorum
765 1675 848 1740 quos
869 1652 1105 1718 Alexandrinos
1129 1652 1291 1739 adpellare
1320 1652 1490 1717 consueui-

438 1790 508 1833 mns
535 1769 714 1856 profectam
742 1792 812 1835 esse
840 1769 909 1834 ueri
946 1767 1142 1833 simillimum
1169 1779 1235 1851 est,
1259 1779 1375 1850 ‚tamen
1406 1769 1489 1835 haec

437 1907 505 1968 res,
527 1885 556 1951 si
576 1885 616 1951 de
637 1896 725 1951 certo
753 1886 895 1975 quodam
918 1888 1060 1951 carmine
1084 1885 1266 1973 inquiritur,
1288 1909 1401 1973 parum
1427 1908 1489 1950 nos

436 2002 537 2069 iuuat.
581 2003 669 2068 eredi
691 2003 775 2069 enim
796 2026 862 2068 non
883 2013 991 2091 potest
1008 2002 1173 2069 Catullum
1194 2003 1333 2091 primum
1355 2003 1488 2090 quidem

437 2118 599 2187 Graecam
620 2122 743 2206 poesim
765 2121 951 2207 diligentius
973 2121 1133 2186 imitatum
1156 2141 1235 2202 esse,
1263 2131 1374 2207 postea
1396 2142 1488 2201 uero,

436 2260 509 2303 cum
536 2238 679 2303 carmina
707 2260 770 2301 non
802 2237 867 2301 iam
895 2258 936 2301 ex
973 2236 1211 2324 exemplaribus
1243 2235 1355 2300 alienis
1387 2237 1488 2300 anxie

321 2348 325 2356 ¹
437 2355 632 2440 exprimeret
660 2354 716 2419 sed
743 2354 809 2418 suis
839 2353 962 2418 uiribus
989 2354 1106 2418 sensim
1127 2352 1323 2418 confirmatis
1344 2352 1487 2417 confisus

435 2472 502 2558 ipse
517 2480 725 2557 conponeret,
741 2470 781 2535 ad
794 2469 990 2556 exemplaria
1002 2468 1132 2535 Graeca
1147 2470 1276 2535 omnino
1291 2491 1357 2534 non
1370 2468 1437 2536 iam
1452 2493 1487 2534 se

438 2586 659 2674 adplicauisse.
704 2588 789 2676 quod
819 2586 875 2675 qui
902 2596 1032 2674 putaret
1057 2587 1136 2675 quid
1164 2587 1361 2655 carminibus
1391 2607 1422 2651 nt
1454 2597 1488 2652 et

438 2722 514 2768 nxvr
536 2703 687 2769 faceret?
716 2727 816 2768 unum
830 2714 937 2769 tamen
953 2704 1123 2770 adfirmare
1137 2727 1203 2769 non
1220 2704 1340 2781 dubito,
1355 2727 1488 2769 carmen

435 2831 501 2885 tam
523 2820 669 2907 pulcrum
691 2830 723 2886 et
744 2821 772 2886 si
792 2843 859 2886 non
881 2821 1029 2886 omnibus
1058 2822 1200 2887 numeris
1227 2823 1405 2909 perlectum
1431 2824 1487 2888 ab

435 2937 649 3025 solutumque,
661 2939 770 3003 multis
778 2948 887 3003 tamen
900 2938 1083 3005 nominibus
1100 2938 1193 3004 ualde
1203 2938 1374 3019 laudabile,
1390 2937 1488 3024 quale

435 3055 674 3140 sexagesimum
703 3065 852 3144 quartum
880 3055 1063 3121 habendum
1095 3066 1161 3139 est,
1192 3039 1353 3122 Catullum
1383 3056 1487 3120 multo

435 3170 634 3258 probabilius
657 3193 725 3238 esse
748 3182 855 3237 aetate
875 3173 939 3238 iam
957 3173 1085 3238 firmata
1105 3195 1204 3258 quam
1223 3171 1402 3237 iuuentutis
1424 3173 1487 3258 pri-

433 3309 506 3352 mae
536 3287 627 3352 annis
658 3280 807 3355 fecisse·
824 3289 909 3355 idem
931 3292 1001 3356 lere
1022 3290 1063 3355 de
1084 3298 1231 3377 tempore
1252 3312 1315 3375 quo
1337 3288 1487 3354 Catullus

434 3424 563 3469 carmen
602 3423 681 3470 Lxru
720 3406 760 3470 de
797 3407 871 3471 Atti
907 3407 1036 3494 scripsit
1073 3405 1244 3472 dicendum
1287 3415 1345 3470 est.
1408 3429 1487 3471 nam

436 3520 476 3586 de
507 3521 567 3586 hac
603 3543 640 3587 re
675 3522 754 3587 nihil
791 3523 914 3589 discere
948 3545 1115 3611 possumus
1158 3545 1200 3588 ex
1229 3523 1299 3610 ipso
1334 3522 1487 3602 carmine,

435 3639 494 3703 etsi
536 3636 629 3703 huius
665 3660 812 3723 caussae,
863 3642 889 3704 si
925 3640 970 3706 ita
990 3641 1094 3726 ,loqui
1126 3640 1218 3723 licet,
1255 3659 1320 3705 non
1355 3640 1388 3702 in
1418 3640 1487 3704 sola

434 3755 612 3822 studiorum
656 3755 777 3822 Catulli
816 3757 1017 3845 poeticorum
1059 3757 1185 3821 ratione
1225 3756 1272 3841 (id
1315 3755 1402 3839 quod
1446 3758 1486 3821 de

432 3871 629 3936 carminibus
658 3892 725 3937 nxu
759 3882 791 3936 et
823 3891 911 3938 nxnn
945 3871 1184 3937 concedendum
1214 3875 1276 3955 est)
1306 3873 1361 3936 sed
1393 3896 1486 3959 prae-

432 3995 484 4050 ter
511 3987 591 4053 haec
621 3988 727 4053 studia
755 3989 854 4054 etiam
882 3991 915 4053 in
938 3989 1037 4053 sacris
1057 4010 1196 4074 magnae
1216 3989 1327 4053 matris
1349 3987 1486 4055 deornm

437 4104 502 4167 iam
535 4104 609 4169 inde
641 4127 681 4169 ex
709 4104 805 4170 Marii
836 4115 870 4171 et
902 4105 1012 4172 Sullae
1043 4103 1242 4192 temporibus
1276 4105 1487 4172 adcrescente

441 4243 517 4285 cura
553 4229 586 4285 et
621 4221 725 4308 studio
762 4223 887 4289 Romae
923 4221 1077 4288 celebrari
1108 4223 1230 4309 coeptis
1263 4221 1318 4304 (cl.
1347 4221 1487 4287 Prelleri
