3342 5200
499 665 536 716 VI
570 665 619 718 DE
638 663 817 720 moninus
835 664 988 718 esuum
1206 667 1256 720 1⁶8

211 833 355 923 quodem
388 832 575 898 deterritum
608 853 679 898 osse
700 855 740 898 ne
761 833 873 901 uillam
894 832 955 900 sibi
976 855 1047 900 esse
1067 833 1257 922 oppigneror

212 961 280 1018 tem
300 950 540 1040 pronuntiaret,
564 949 594 1014 ei
615 948 738 1017 Catulli
759 950 926 1038 ingenium
946 950 1042 1039 plene
1062 972 1127 1016 non
1148 950 1257 1039 oogni·

211 1081 280 1134 tum
313 1067 446 1134 hubent.
500 1088 609 1154 neque
640 1066 724 1134 enim
760 1068 924 1136 Catullum
954 1067 1032 1134 setis
1065 1069 1197 1156 eopiosa
1224 1078 1258 1134 st

211 1188 301 1253 laute
323 1208 358 1251 re
379 1183 529 1250 familiari
555 1205 648 1250 usum
659 1233 669 1267 ,
700 1184 727 1250 si
754 1185 899 1251 uillulem
927 1207 1017 1252 suum
1038 1194 1075 1252 nt
1096 1208 1132 1252 se
1152 1184 1259 1252 subite

212 1303 354 1392 quodem
376 1301 570 1368 difficultate
588 1302 767 1370 nummario
788 1302 942 1370 liberaret
961 1304 995 1369 in
1009 1303 1111 1369 breue
1129 1313 1258 1391 tempus

213 1420 344 1508 pignori
377 1417 543 1508 opposuit,
582 1419 644 1484 hoo
673 1420 767 1486 {uteri
794 1420 899 1486 minus
927 1421 1045 1508 puduit
1069 1420 1122 1486 uel
1148 1419 1257 1486 decuit

213 1561 310 1625 quem
332 1537 367 1602 in
389 1536 531 1602 carmine
551 1559 606 1602 xor
628 1536 786 1620 Fabullo,
820 1538 875 1626 qui
907 1536 977 1625 ipse
1005 1538 1046 1603 ed
1068 1545 1197 1627 postem
1221 1559 1257 1603 se

210 1655 416 1736 inuiteusret,
438 1653 538 1720 libore
559 1654 757 1742 respondero

809 1825 852 1885 tui
871 1819 989 1886 molli

404 1941 521 2024 plenus
542 1941 684 2004 sacculus
706 1951 751 2004 est
770 1961 970 2004 aranearum.

208 2131 377 2210 praeterea
421 2143 545 2188 summe
589 2123 662 2210 ipse
706 2145 803 2211 quem
838 2120 985 2190 Catullus
1023 2121 1157 2188 deberet
1196 2144 1256 2210 pro

209 2237 412 2327 temporibus
433 2237 495 2304 illis
519 2239 779 2304 luxuriosissimis
801 2217 900 2305 mulio
922 2239 1027 2304 minor
1051 2248 1136 2305 esset
1159 2261 1257 2327 quem

209 2365 244 2422 ut
271 2357 347 2423 inde
385 2354 500 2444 uliquis
528 2356 633 2422 fumes
667 2356 772 2422 labem
808 2357 870 2426 sibi
907 2357 1098 2424 contrahere
1138 2365 1256 2446 posset.

209 2483 241 2540 at
272 2483 383 2540 temen
415 2495 479 2540 non
510 2473 682 2540 defuerunt
716 2475 771 2562 qui
807 2474 842 2540 in
881 2496 976 2540 uersu
1013 2476 1117 2564 primo
1155 2487 1258 2540 uestro

207 2590 382 2679 legendum
413 2614 483 2657 esse
510 2592 693 2657 necessario
726 2602 897 2658 censerent
925 2618 932 2655 ε
961 2591 1046 2658 inter
1075 2613 1159 2681 quos
1179 2591 1257 2657 Par·

208 2709 354 2775 thunium
376 2708 539 2775 Muretum
565 2708 713 2796 Lipsium
735 2710 882 2773 Dousem
902 2708 1074 2773 Heinsium
1094 2708 1258 2795 Doering-

207 2826 273 2891 ium
296 2826 457 2913 Heysinm
478 2826 646 2891 Klotzium
667 2828 701 2891 in
723 2827 882 2893 emendet.
904 2824 1078 2892 Getullien.
1097 2849 1129 2913 p.
1145 2850 1200 2892 xru
1224 2836 1256 2891 et

208 2966 282 3007 eum
304 2942 361 3028 qui
383 2940 423 3007 de
443 2942 504 3007 hoo
525 2940 649 3007 Klotzii
669 2942 782 3008 libello
807 2944 841 3007 in
861 2942 1014 3009 Zomekii
1035 2954 1126 3009 nunt.
1149 2943 1209 3009 lits
1224 2967 1255 3010 e.

209 3061 291 3127 1860
304 3083 336 3147 p.
353 3059 415 3124 713
435 3059 593 3126 iudicauit
614 3060 754 3125 nomino.
798 3061 889 3125 ouius
910 3059 1055 3125 lectionis
1077 3060 1254 3128 auotoritas

208 3178 234 3242 si
256 3176 492 3259 consideretur,
525 3175 660 3241 Vossius
688 3176 862 3244 lectionem
887 3189 991 3243 nostra
1015 3177 1105 3243 sein
1126 3177 1255 3265 quibus·

91 3314 92 3323 ¹
208 3294 282 3360 dem
310 3294 402 3359 libris
430 3291 591 3358 inuenisse
619 3301 756 3361 testetur
783 3303 817 3361 et
836 3294 951 3359 Douse
971 3293 1005 3359 in
1025 3293 1255 3381 preeoideueo·

207 3434 278 3477 rum
298 3433 358 3498 pro
380 3409 509 3477 Catullo
532 3410 637 3499 eapite
657 3433 720 3476 unu
747 3414 850 3497 placet
874 3411 981 3499 inquit
1010 3413 1130 3497 scripto
1155 3418 1255 3496 potius

208 3530 295 3594 Iseum
323 3523 454 3611 ‘uestra'‚
483 3531 757 3617 sequanamque
783 3529 865 3594 mihi
879 3532 1017 3618 prasium
1036 3529 1125 3615 feeit
1152 3533 1254 3596 solens

207 3650 295 3713 unico
317 3648 420 3731 mapir
441 3647 550 3711 unsrun
564 3646 801 3733 Lepsies‘mees
823 3670 864 3711 ex
877 3646 1014 3711 Romano
1036 3649 1142 3733 opziror
1156 3646 1255 3712 codiee

208 3765 385 3851 depromptu
411 3787 420 3827 ε
447 3772 614 3849 praetereo
643 3762 707 3829 elie
734 3764 831 3829 huius
857 3762 945 3827 modi
977 3764 1100 3850 pariter
1130 3762 1255 3829 ineerta
1342 3822 1344 3827 .

208 3881 488 3947 circumferuntur.
542 3880 597 3945 sed
629 3901 711 3966 quas
743 3881 775 3946 in
805 3880 868 3945 hae
903 3901 938 3949 re
970 3878 1124 3945 librorum
1154 3904 1253 3945 manu

208 3998 401 4087 scriptorum
430 3996 577 4063 condicio
598 3996 640 4063 sit
666 3997 735 4063 fere
756 3997 834 4061 nihil
857 4006 967 4062 nostru
995 3996 1130 4064 interest
1161 3999 1253 4082 seire,

208 4140 297 4199 oum,
320 4116 418 4182 etiem
440 4113 467 4179 si
489 4122 602 4179 oontre
624 4115 781 4203 optimum
803 4136 963 4203 quemque
983 4115 1128 4181 codicem
1148 4128 1251 4182 uestra

209 4233 401 4316 scribemus,
432 4232 514 4297 hese
541 4230 678 4299 mutatio
708 4233 778 4298 fere
798 4234 888 4299 nulle
907 4233 1050 4320 putando
1071 4234 1142 4299 sit:
1162 4255 1252 4321 pree
