3342 5200
435 649 511 701 vius
547 651 594 700 nn
612 648 771 702 caussas
789 651 835 701 aa
852 624 1081 703 esaaaaraius
1232 653 1281 702 aar

241 825 289 880 est
311 816 506 902 aliquamdiu
528 817 561 880 in
576 815 684 883 Gallia
698 815 862 904 Cisalpina
879 817 968 883 fuit?
1009 817 1155 904 profecto
1178 819 1283 884 omnia

241 934 374 1020 egregie
397 936 590 1022 conspirant.
634 935 755 1001 Caesar
770 936 855 999 enim
871 958 942 1000 cum
957 936 1064 1022 priore
1080 936 1283 1022 expeditione

239 1049 426 1118 Britannica
458 1053 605 1118 confecta
636 1052 695 1118 sub
727 1052 824 1117 finem
857 1055 933 1118 anni
963 1054 1081 1131 699155
1109 1055 1143 1118 in
1170 1053 1284 1140 Belgis

239 1170 381 1234 omnium
402 1170 564 1257 legionum
589 1170 723 1236 hiberna
753 1171 983 1255 constituisset,
1012 1171 1103 1237 initio
1131 1174 1206 1237 anni
1235 1193 1283 1235 se-

239 1287 368 1374 quentis
394 1285 428 1352 in
450 1287 592 1354 Galliam
615 1287 812 1374 Cisalpinam
839 1288 1002 1375 profectus
1030 1297 1087 1352 est
1129 1287 1176 1353 ita
1197 1287 1281 1352 enim

239 1401 361 1470 Caesar
387 1403 455 1491 ipse
483 1405 574 1470 initio
602 1406 674 1471 libri
696 1405 737 1469 de
760 1405 844 1471 bello
867 1404 995 1471 Gallico
1018 1405 1121 1493 quinti
1141 1414 1280 1470 narrat:

237 1521 277 1584 L.
310 1523 452 1587 Domitio
482 1524 546 1608 Ap.
580 1522 707 1602 Clastidio
744 1547 819 1589 coss.
858 1524 1018 1607 (wotos)
1052 1523 1212 1588 deicedeas
1243 1525 1282 1586 ab

236 1639 367 1705 libereris
382 1640 500 1704 Caesar
513 1639 549 1704 ia
564 1639 701 1722 Italiam,
723 1653 755 1704 ut
774 1645 930 1726 quotannis
949 1640 1058 1724 faeere
1074 1653 1280 1716 consueuerat,

235 1759 346 1842 lepatis
366 1763 495 1842 inperat,
517 1781 592 1844 quos
613 1757 778 1846 lepicaibas
791 1757 999 1843 praefecerat,
1021 1759 1071 1822 ati
1085 1781 1175 1844 qaam
1186 1759 1281 1843 pluri·

234 1897 300 1937 mcs
317 1887 443 1959 possent
463 1875 560 1940 hieme
586 1899 680 1939 naues
709 1875 924 1960 aedificandae
951 1886 1127 1960 nauesque
1147 1875 1281 1960 reficien-

235 1992 295 2056 das
325 2005 467 2057 curarent
496 2040 503 2056 .
531 2041 539 2057 .
569 2044 575 2057 .
605 2043 612 2056 .
641 1995 710 2079 ipse
744 1992 940 2058 conuentibus
973 1994 1096 2057 Galliae
1130 1995 1281 2058 celerior&

232 2110 375 2195 perantia
396 2111 429 2174 ia
444 2109 468 2172 I
470 2111 610 2195 llyriorum
624 2111 832 2196 proficiscitur
851 2160 858 2175 .
875 2162 882 2175 .
899 2157 929 2174 ..
951 2111 999 2174 isis
1021 2108 1167 2192 confectis
1186 2110 1280 2174 rebus

233 2228 482 2314 conuentibusque
502 2230 640 2312 peractis
660 2229 693 2293 in
713 2231 875 2293 citeriorem
899 2227 1037 2292 Galliam
1059 2232 1217 2291 reamur
1237 2240 1281 2291 at·

233 2369 289 2431 qne
316 2345 391 2411 eade
419 2348 461 2409 ud
488 2346 651 2410 exercitum
680 2345 896 2430 proficiscitur.
939 2343 1048 2431 itaque
1069 2365 1135 2407 non
1157 2344 1280 2409 dubita·

234 2485 305 2527 mus
336 2461 413 2550 quin
440 2462 525 2527 intra
552 2483 677 2527 menses
698 2461 774 2527 anni
801 2461 918 2538 700s54
945 2459 1067 2548 priores
1093 2460 1239 2528 Catullus
1261 2485 1280 2528 a

234 2573 373 2647 Caesare
392 2579 532 2646 Galliam
547 2577 743 2666 Cisalpinam
765 2589 958 2667 peragrante
980 2581 1107 2646 ueniam
1129 2604 1278 2646 uersuum

234 2697 512 2763 acerbissimorum
533 2698 704 2785 accepisse.
748 2697 886 2785 denique
907 2698 984 2762 mihi
1002 2698 1132 2786 quidem
1146 2698 1279 2783 diligen·

233 2816 297 2881 tius
328 2837 411 2903 quae
434 2815 608 2882 Suetonius
631 2816 670 2881 de
690 2815 815 2881 Licinio
838 2813 940 2881 Caluo
970 2816 1186 2882 satisfaciente
1207 2839 1278 2883 nar-

236 2934 321 2999 rauit
343 2933 557 3000 consideranti
579 2932 771 2999 uerisimile
794 2956 864 2999 esse
884 2933 1012 2999 uidetur
1028 2932 1191 2999 Catullum
1205 2957 1278 3000 cum
1326 2977 1329 2985 ·

232 3048 358 3139 Licinio
380 3050 596 3116 familiaritate
617 3052 738 3133 intima,
760 3060 796 3116 ut
816 3074 894 3117 mox
914 3052 1109 3135 uidebimus,
1131 3054 1278 3118 coniunc-

232 3178 300 3233 tum
323 3192 365 3233 ex
387 3168 495 3233 amieis
517 3168 615 3233 luisse
637 3156 761 3258 eisqui
782 3168 955 3235 aCaesare
974 3192 1033 3257 pro
1055 3170 1121 3254 illo,
1143 3171 1194 3235 cui
1213 3170 1277 3235 Ro-

231 3308 302 3351 mae
324 3284 447 3350 uiuenti
468 3287 592 3353 occasio
609 3286 758 3354 Caesaris
779 3287 911 3353 uidendi
932 3298 964 3352 et
978 3288 1149 3375 mitigandi
1164 3288 1276 3369 defuit,

232 3402 360 3469 ueniam
382 3404 576 3490 petiuerunt.
598 3442 637 3453 -
660 3413 801 3469 ceterum
824 3426 995 3470 caueamus
1019 3427 1061 3469 ne
1088 3405 1122 3470 in
1147 3427 1277 3469 excusa·

232 3522 320 3586 tione
347 3520 401 3585 illa
428 3544 524 3609 quam
554 3520 701 3588 Catullus
728 3522 805 3587 tecit
835 3521 1005 3588 iudicanda
1035 3522 1131 3587 nimis
1163 3543 1275 3586 seuero

232 3648 361 3704 utamur
382 3639 508 3704 iudicio.
553 3638 628 3704 odia
645 3638 793 3705 Caesaris
815 3638 933 3727 quibus
954 3640 1116 3726 flagrabat
1131 3637 1276 3706 Catullus

232 3768 297 3823 tam
318 3755 468 3844 inpauide
491 3766 523 3822 et
543 3766 696 3844 proterue
716 3756 860 3821 elocutus
882 3766 950 3823 erat
971 3767 1008 3821 ut
1030 3757 1084 3822 uix
1106 3756 1276 3844 quisquam

232 3874 448 3962 inperatorem
467 3873 724 3961 potentissimum
740 3874 926 3960 uituperare
947 3884 1073 3960 posset,
1100 3875 1127 3938 si
1148 3884 1275 3959 poetam

231 3992 367 4078 perdere
381 3993 546 4058 uoluisset.
590 3993 646 4059 sed
669 3990 789 4059 Caesar
802 3993 949 4079 quamuis
964 3990 1195 4057 contumeliosa
1208 3992 1275 4056 eius

232 4118 264 4174 et
286 4107 381 4175 Calui
402 4110 546 4175 carmina
575 4110 795 4176 molestissime
823 4110 934 4193 ferret,
963 4120 1087 4194 tamen,
1116 4133 1180 4198 qua
1207 4118 1275 4175 erat
