<?xml version="1.0" encoding="UTF-8"?>
<!DOCTYPE html PUBLIC "-//W3C//DTD XHTML 1.0 Transitional//EN"
    "http://www.w3.org/TR/xhtml1/DTD/xhtml1-transitional.dtd">
<html xmlns="http://www.w3.org/1999/xhtml" xml:lang="en" lang="en">
 <head>
  <title>
</title>
<meta http-equiv="Content-Type" content="text/html;charset=utf-8" />
  <meta name='ocr-system' content='tesseract 3.04.00' />
  <meta name='ocr-capabilities' content='ocr_page ocr_carea ocr_par ocr_line ocrx_word'/>
</head>
<body>
  <div class='ocr_page' id='page_1' title='image "./gvalericatvllil01catugoog_0224.png"; bbox 0 0 3342 5200; ppageno 0'>
   <div class='ocr_carea' id='block_1_1' title="bbox 408 601 1168 656">
    <p class='ocr_par' dir='ltr' id='par_1_1' title="bbox 408 601 1168 656">
     <span class='ocr_line' id='line_1_1' title="bbox 408 601 1168 656; baseline 0.003 -2"><span class='ocrx_word' id='word_1_1' title='bbox 408 601 459 654; x_wconf 68' lang='lat'><strong>256</strong></span> <span class='ocrx_word' id='word_1_2' title='bbox 707 601 745 654; x_wconf 76' lang='lat'><strong>11</strong></span> <span class='ocrx_word' id='word_1_3' title='bbox 779 603 826 656; x_wconf 79' lang='lat' dir='ltr'><strong>Dll</strong></span> <span class='ocrx_word' id='word_1_4' title='bbox 845 603 880 656; x_wconf 89' lang='lat' dir='ltr'><strong>o.</strong></span> <span class='ocrx_word' id='word_1_5' title='bbox 896 601 1030 656; x_wconf 71' lang='lat' dir='ltr'><strong>ummo</strong></span> <span class='ocrx_word' id='word_1_6' title='bbox 1048 601 1168 656; x_wconf 79' lang='grc' dir='ltr'><strong>ΟΔΙΝΟ</strong></span> 
     </span>
    </p>
   </div>
   <div class='ocr_carea' id='block_1_2' title="bbox 406 767 1451 1092">
    <p class='ocr_par' dir='ltr' id='par_1_2' title="bbox 406 767 1451 1092">
     <span class='ocr_line' id='line_1_2' title="bbox 407 767 1451 858; baseline 0.002 -24"><span class='ocrx_word' id='word_1_7' title='bbox 407 776 556 851; x_wconf 77' lang='lat' dir='ltr'><strong>tentore,</strong></span> <span class='ocrx_word' id='word_1_8' title='bbox 578 767 685 834; x_wconf 82' lang='lat' dir='ltr'><strong>officia</strong></span> <span class='ocrx_word' id='word_1_9' title='bbox 706 767 865 858; x_wconf 75' lang='lat' dir='ltr'><strong>quaedam</strong></span> <span class='ocrx_word' id='word_1_10' title='bbox 886 767 929 835; x_wconf 85' lang='lat' dir='ltr'><strong>ab</strong></span> <span class='ocrx_word' id='word_1_11' title='bbox 950 778 1077 835; x_wconf 83' lang='lat' dir='ltr'><strong>oratore</strong></span> <span class='ocrx_word' id='word_1_12' title='bbox 1099 769 1160 836; x_wconf 92' lang='lat' dir='ltr'><strong>sibi</strong></span> <span class='ocrx_word' id='word_1_13' title='bbox 1179 770 1336 857; x_wconf 84' lang='lat' dir='ltr'><strong>praestita</strong></span> <span class='ocrx_word' id='word_1_14' title='bbox 1348 793 1451 836; x_wconf 89' lang='lat' dir='ltr'><strong>remu·</strong></span> 
     </span>
     <span class='ocr_line' id='line_1_3' title="bbox 407 885 1450 975; baseline 0 -23"><span class='ocrx_word' id='word_1_15' title='bbox 407 896 560 952; x_wconf 86' lang='lat' dir='ltr'><strong>nersturo</strong></span> <span class='ocrx_word' id='word_1_16' title='bbox 580 885 733 968; x_wconf 89' lang='lat' dir='ltr'><strong>libellum,</strong></span> <span class='ocrx_word' id='word_1_17' title='bbox 753 887 788 952; x_wconf 89' lang='lat' dir='ltr'><strong>iu</strong></span> <span class='ocrx_word' id='word_1_18' title='bbox 804 907 869 972; x_wconf 91' lang='lat' dir='ltr'><strong>quo</strong></span> <span class='ocrx_word' id='word_1_19' title='bbox 885 886 1114 974; x_wconf 78' lang='lat' dir='ltr'><strong>grammaticus</strong></span> <span class='ocrx_word' id='word_1_20' title='bbox 1129 888 1271 954; x_wconf 84' lang='lat' dir='ltr'><strong>carmina</strong></span> <span class='ocrx_word' id='word_1_21' title='bbox 1283 898 1450 975; x_wconf 78' lang='lat' dir='ltr'><strong>poetarum</strong></span> 
     </span>
     <span class='ocr_line' id='line_1_4' title="bbox 406 1003 1450 1092; baseline 0.003 -23"><span class='ocrx_word' id='word_1_22' title='bbox 406 1011 568 1069; x_wconf 86' lang='lat' dir='ltr'><strong>certorum</strong></span> <span class='ocrx_word' id='word_1_23' title='bbox 589 1003 709 1070; x_wconf 85' lang='lat' dir='ltr'><strong>selecta</strong></span> <span class='ocrx_word' id='word_1_24' title='bbox 732 1003 938 1090; x_wconf 81' lang='lat' dir='ltr'><strong>conlegerat,</strong></span> <span class='ocrx_word' id='word_1_25' title='bbox 965 1003 1091 1070; x_wconf 85' lang='lat' dir='ltr'><strong>muneri</strong></span> <span class='ocrx_word' id='word_1_26' title='bbox 1115 1007 1307 1092; x_wconf 85' lang='lat' dir='ltr'><strong>accepisset,</strong></span> <span class='ocrx_word' id='word_1_27' title='bbox 1329 1004 1450 1072; x_wconf 82' lang='lat' dir='ltr'><strong>Oaluns</strong></span> 
     </span>
    </p>
   </div>
   <div class='ocr_carea' id='block_1_3' title="bbox 404 1121 1578 1209">
    <p class='ocr_par' dir='ltr' id='par_1_3' title="bbox 404 1121 1578 1209">
     <span class='ocr_line' id='line_1_5' title="bbox 404 1121 1578 1209; baseline 0.002 -23"><span class='ocrx_word' id='word_1_28' title='bbox 404 1142 494 1187; x_wconf 85' lang='lat' dir='ltr'><strong>more</strong></span> <span class='ocrx_word' id='word_1_29' title='bbox 518 1121 573 1187; x_wconf 93' lang='lat' dir='ltr'><strong>illo</strong></span> <span class='ocrx_word' id='word_1_30' title='bbox 601 1121 870 1209; x_wconf 86' lang='lat' dir='ltr'><strong>apophorstorum</strong></span> <span class='ocrx_word' id='word_1_31' title='bbox 890 1121 1120 1188; x_wconf 88' lang='lat' dir='ltr'><strong>mittendorum</strong></span> <span class='ocrx_word' id='word_1_32' title='bbox 1150 1121 1256 1209; x_wconf 89' lang='lat' dir='ltr'><strong>lepide</strong></span> <span class='ocrx_word' id='word_1_33' title='bbox 1282 1132 1316 1188; x_wconf 88' lang='lat' dir='ltr'><strong>et</strong></span> <span class='ocrx_word' id='word_1_34' title='bbox 1341 1123 1449 1188; x_wconf 90' lang='lat' dir='ltr'><strong>iocose</strong></span> <span class='ocrx_word' id='word_1_35' title='bbox 1575 1164 1578 1173; x_wconf 87' lang='lat'><em>·</em></span> 
     </span>
    </p>
   </div>
   <div class='ocr_carea' id='block_1_4' title="bbox 402 1235 1528 1451">
    <p class='ocr_par' dir='ltr' id='par_1_4' title="bbox 402 1235 1528 1451">
     <span class='ocr_line' id='line_1_6' title="bbox 404 1235 1449 1326; baseline -0.001 -20"><span class='ocrx_word' id='word_1_36' title='bbox 404 1241 523 1306; x_wconf 77' lang='lat' dir='ltr'><strong>ebusus</strong></span> <span class='ocrx_word' id='word_1_37' title='bbox 534 1237 673 1321; x_wconf 83' lang='lat' dir='ltr'><strong>Catullo,</strong></span> <span class='ocrx_word' id='word_1_38' title='bbox 688 1237 739 1304; x_wconf 91' lang='lat' dir='ltr'><strong>cui</strong></span> <span class='ocrx_word' id='word_1_39' title='bbox 753 1246 876 1325; x_wconf 86' lang='lat' dir='ltr'><strong>poetas,</strong></span> <span class='ocrx_word' id='word_1_40' title='bbox 898 1260 979 1324; x_wconf 91' lang='lat' dir='ltr'><strong>quos</strong></span> <span class='ocrx_word' id='word_1_41' title='bbox 993 1235 1085 1304; x_wconf 82' lang='lat' dir='ltr'><strong>Sulla</strong></span> <span class='ocrx_word' id='word_1_42' title='bbox 1097 1237 1152 1303; x_wconf 92' lang='lat' dir='ltr'><strong>ille</strong></span> <span class='ocrx_word' id='word_1_43' title='bbox 1165 1237 1199 1302; x_wconf 91' lang='lat' dir='ltr'><strong>in</strong></span> <span class='ocrx_word' id='word_1_44' title='bbox 1213 1236 1285 1304; x_wconf 90' lang='lat' dir='ltr'><strong>sinu</strong></span> <span class='ocrx_word' id='word_1_45' title='bbox 1298 1239 1449 1326; x_wconf 73' lang='lat' dir='ltr'><strong>gestabat</strong></span> 
     </span>
     <span class='ocr_line' id='line_1_7' title="bbox 402 1354 1528 1451; baseline 0.002 -31"><span class='ocrx_word' id='word_1_46' title='bbox 402 1377 604 1446; x_wconf 88' lang='lat' dir='ltr'><strong>quorumque</strong></span> <span class='ocrx_word' id='word_1_47' title='bbox 617 1355 714 1422; x_wconf 87' lang='lat' dir='ltr'><strong>flores</strong></span> <span class='ocrx_word' id='word_1_48' title='bbox 727 1355 761 1421; x_wconf 93' lang='lat' dir='ltr'><strong>in</strong></span> <span class='ocrx_word' id='word_1_49' title='bbox 776 1354 918 1422; x_wconf 88' lang='lat' dir='ltr'><strong>libellum</strong></span> <span class='ocrx_word' id='word_1_50' title='bbox 932 1354 1021 1420; x_wconf 90' lang='lat' dir='ltr'><strong>illum</strong></span> <span class='ocrx_word' id='word_1_51' title='bbox 1039 1354 1216 1437; x_wconf 83' lang='lat' dir='ltr'><strong>rettulerat,</strong></span> <span class='ocrx_word' id='word_1_52' title='bbox 1237 1377 1335 1442; x_wconf 88' lang='lat' dir='ltr'><strong>quam</strong></span> <span class='ocrx_word' id='word_1_53' title='bbox 1348 1357 1449 1422; x_wconf 85' lang='lat' dir='ltr'><strong>mexi-</strong></span> <span class='ocrx_word' id='word_1_54' title='bbox 1525 1444 1528 1451; x_wconf 91' lang='lat'>.</span> 
     </span>
    </p>
   </div>
   <div class='ocr_carea' id='block_1_5' title="bbox 402 1470 1577 1567">
    <p class='ocr_par' dir='ltr' id='par_1_5' title="bbox 402 1470 1577 1567">
     <span class='ocr_line' id='line_1_8' title="bbox 402 1470 1577 1567; baseline 0.001 -30"><span class='ocrx_word' id='word_1_55' title='bbox 402 1493 454 1537; x_wconf 92' lang='lat' dir='ltr'><strong>me</strong></span> <span class='ocrx_word' id='word_1_56' title='bbox 480 1472 602 1540; x_wconf 78' lang='lat' dir='ltr'><strong>inuisos</strong></span> <span class='ocrx_word' id='word_1_57' title='bbox 631 1492 790 1538; x_wconf 87' lang='lat' dir='ltr'><strong>essenon</strong></span> <span class='ocrx_word' id='word_1_58' title='bbox 815 1471 996 1559; x_wconf 79' lang='lat' dir='ltr'><strong>ignorauit,</strong></span> <span class='ocrx_word' id='word_1_59' title='bbox 1029 1472 1100 1559; x_wconf 86' lang='lat' dir='ltr'><strong>ipsa</strong></span> <span class='ocrx_word' id='word_1_60' title='bbox 1125 1470 1206 1537; x_wconf 84' lang='lat' dir='ltr'><strong>haec</strong></span> <span class='ocrx_word' id='word_1_61' title='bbox 1230 1472 1335 1538; x_wconf 88' lang='lat' dir='ltr'><strong>electa</strong></span> <span class='ocrx_word' id='word_1_62' title='bbox 1361 1473 1447 1542; x_wconf 84' lang='lat' dir='ltr'><strong>dono</strong></span> <span class='ocrx_word' id='word_1_63' title='bbox 1576 1524 1577 1567; x_wconf 58' lang='lat'>3</span> 
     </span>
    </p>
   </div>
   <div class='ocr_carea' id='block_1_6' title="bbox 398 1587 1447 2378">
    <p class='ocr_par' dir='ltr' id='par_1_6' title="bbox 398 1587 1447 2378">
     <span class='ocr_line' id='line_1_9' title="bbox 401 1587 1447 1677; baseline 0 -23"><span class='ocrx_word' id='word_1_64' title='bbox 401 1590 495 1654; x_wconf 88' lang='lat' dir='ltr'><strong>misit.</strong></span> <span class='ocrx_word' id='word_1_65' title='bbox 537 1589 711 1677; x_wconf 88' lang='lat' dir='ltr'><strong>quodcum</strong></span> <span class='ocrx_word' id='word_1_66' title='bbox 731 1589 791 1655; x_wconf 90' lang='lat' dir='ltr'><strong>sub</strong></span> <span class='ocrx_word' id='word_1_67' title='bbox 807 1611 978 1677; x_wconf 89' lang='lat' dir='ltr'><strong>uesperum</strong></span> <span class='ocrx_word' id='word_1_68' title='bbox 996 1590 1120 1654; x_wconf 85' lang='lat' dir='ltr'><strong>amicus</strong></span> <span class='ocrx_word' id='word_1_69' title='bbox 1140 1587 1279 1668; x_wconf 80' lang='lat' dir='ltr'><strong>fecisset,</strong></span> <span class='ocrx_word' id='word_1_70' title='bbox 1299 1589 1447 1655; x_wconf 80' lang='lat' dir='ltr'><strong>Catullus</strong></span> 
     </span>
     <span class='ocr_line' id='line_1_10' title="bbox 401 1705 1446 1774; baseline -0.001 -3"><span class='ocrx_word' id='word_1_71' title='bbox 401 1706 506 1771; x_wconf 80' lang='lat' dir='ltr'><strong>statim</strong></span> <span class='ocrx_word' id='word_1_72' title='bbox 532 1727 662 1772; x_wconf 82' lang='lat' dir='ltr'><strong>carmen</strong></span> <span class='ocrx_word' id='word_1_73' title='bbox 688 1728 753 1772; x_wconf 88' lang='lat' dir='ltr'><strong>xun</strong></span> <span class='ocrx_word' id='word_1_74' title='bbox 782 1708 816 1773; x_wconf 92' lang='lat' dir='ltr'><strong>in</strong></span> <span class='ocrx_word' id='word_1_75' title='bbox 835 1707 981 1774; x_wconf 86' lang='lat' dir='ltr'><strong>chartam</strong></span> <span class='ocrx_word' id='word_1_76' title='bbox 1006 1706 1143 1772; x_wconf 86' lang='lat' dir='ltr'><strong>coniecit</strong></span> <span class='ocrx_word' id='word_1_77' title='bbox 1172 1716 1206 1774; x_wconf 89' lang='lat' dir='ltr'><strong>et</strong></span> <span class='ocrx_word' id='word_1_78' title='bbox 1237 1705 1277 1771; x_wconf 88' lang='lat' dir='ltr'><strong>ad</strong></span> <span class='ocrx_word' id='word_1_79' title='bbox 1305 1706 1446 1772; x_wconf 87' lang='lat' dir='ltr'><strong>amicum</strong></span> 
     </span>
     <span class='ocr_line' id='line_1_11' title="bbox 401 1821 1446 1910; baseline 0.002 -24"><span class='ocrx_word' id='word_1_80' title='bbox 401 1823 559 1909; x_wconf 82' lang='lat' dir='ltr'><strong>reportari</strong></span> <span class='ocrx_word' id='word_1_81' title='bbox 583 1822 691 1906; x_wconf 87' lang='lat' dir='ltr'><strong>iussit,</strong></span> <span class='ocrx_word' id='word_1_82' title='bbox 722 1844 787 1909; x_wconf 90' lang='lat' dir='ltr'><strong>que</strong></span> <span class='ocrx_word' id='word_1_83' title='bbox 815 1833 929 1910; x_wconf 85' lang='lat' dir='ltr'><strong>postea</strong></span> <span class='ocrx_word' id='word_1_84' title='bbox 949 1845 1045 1910; x_wconf 86' lang='lat' dir='ltr'><strong>quam</strong></span> <span class='ocrx_word' id='word_1_85' title='bbox 1067 1821 1169 1890; x_wconf 85' lang='lat' dir='ltr'><strong>Caluo</strong></span> <span class='ocrx_word' id='word_1_86' title='bbox 1193 1822 1317 1888; x_wconf 82' lang='lat' dir='ltr'><strong>crimini</strong></span> <span class='ocrx_word' id='word_1_87' title='bbox 1337 1821 1446 1888; x_wconf 90' lang='lat' dir='ltr'><strong>iocose</strong></span> 
     </span>
     <span class='ocr_line' id='line_1_12' title="bbox 399 1938 1446 2026; baseline 0 -22"><span class='ocrx_word' id='word_1_88' title='bbox 399 1939 497 2005; x_wconf 86' lang='lat' dir='ltr'><strong>uertit</strong></span> <span class='ocrx_word' id='word_1_89' title='bbox 516 1939 603 2026; x_wconf 89' lang='lat' dir='ltr'><strong>quod</strong></span> <span class='ocrx_word' id='word_1_90' title='bbox 624 1938 677 2004; x_wconf 92' lang='lat' dir='ltr'><strong>ille</strong></span> <span class='ocrx_word' id='word_1_91' title='bbox 691 1941 829 2006; x_wconf 89' lang='lat' dir='ltr'><strong>amicum</strong></span> <span class='ocrx_word' id='word_1_92' title='bbox 841 1940 920 2026; x_wconf 89' lang='lat' dir='ltr'><strong>ipsis</strong></span> <span class='ocrx_word' id='word_1_93' title='bbox 938 1938 1175 2023; x_wconf 71' lang='lat' dir='ltr'><strong>Saturnalibus,</strong></span> <span class='ocrx_word' id='word_1_94' title='bbox 1196 1940 1313 2025; x_wconf 92' lang='lat' dir='ltr'><strong>quibus</strong></span> <span class='ocrx_word' id='word_1_95' title='bbox 1333 1961 1446 2006; x_wconf 90' lang='lat' dir='ltr'><strong>omnes</strong></span> 
     </span>
     <span class='ocr_line' id='line_1_13' title="bbox 399 2045 1444 2144; baseline -0.001 -23"><span class='ocrx_word' id='word_1_96' title='bbox 399 2079 420 2121; x_wconf 84' lang='lat' dir='ltr'><strong>s</strong></span> <span class='ocrx_word' id='word_1_97' title='bbox 439 2056 536 2122; x_wconf 87' lang='lat' dir='ltr'><strong>rebus</strong></span> <span class='ocrx_word' id='word_1_98' title='bbox 550 2045 693 2122; x_wconf 76' lang='lat' dir='ltr'><strong>alluersis</strong></span> <span class='ocrx_word' id='word_1_99' title='bbox 706 2056 799 2122; x_wconf 84' lang='lat' dir='ltr'><strong>liberi</strong></span> <span class='ocrx_word' id='word_1_100' title='bbox 814 2078 885 2122; x_wconf 88' lang='lat' dir='ltr'><strong>csse</strong></span> <span class='ocrx_word' id='word_1_101' title='bbox 899 2067 1063 2144; x_wconf 82' lang='lat' dir='ltr'><strong>cuperent,</strong></span> <span class='ocrx_word' id='word_1_102' title='bbox 1083 2067 1150 2122; x_wconf 90' lang='lat' dir='ltr'><strong>tam</strong></span> <span class='ocrx_word' id='word_1_103' title='bbox 1165 2054 1307 2143; x_wconf 84' lang='lat' dir='ltr'><strong>maligne</strong></span> <span class='ocrx_word' id='word_1_104' title='bbox 1322 2077 1444 2121; x_wconf 82' lang='lat' dir='ltr'><strong>uexere</strong></span> 
     </span>
     <span class='ocr_line' id='line_1_14' title="bbox 400 2171 1443 2262; baseline -0.001 -23"><span class='ocrx_word' id='word_1_105' title='bbox 400 2172 513 2255; x_wconf 89' lang='lat' dir='ltr'><strong>uellet,</strong></span> <span class='ocrx_word' id='word_1_106' title='bbox 548 2173 598 2239; x_wconf 91' lang='lat' dir='ltr'><strong>his</strong></span> <span class='ocrx_word' id='word_1_107' title='bbox 632 2175 741 2240; x_wconf 92' lang='lat' dir='ltr'><strong>uerbis</strong></span> <span class='ocrx_word' id='word_1_108' title='bbox 778 2173 941 2262; x_wconf 77' lang='lat' dir='ltr'><strong>pollicitus</strong></span> <span class='ocrx_word' id='word_1_109' title='bbox 968 2183 1017 2239; x_wconf 88' lang='lat' dir='ltr'><strong>est</strong></span> <span class='ocrx_word' id='word_1_110' title='bbox 1047 2196 1081 2239; x_wconf 93' lang='lat' dir='ltr'><strong>se</strong></span> <span class='ocrx_word' id='word_1_111' title='bbox 1113 2173 1160 2240; x_wconf 91' lang='lat' dir='ltr'><strong>illi</strong></span> <span class='ocrx_word' id='word_1_112' title='bbox 1190 2171 1443 2239; x_wconf 72' lang='lat' dir='ltr'><strong>cumulatissime</strong></span> 
     </span>
     <span class='ocr_line' id='line_1_15' title="bbox 398 2290 853 2378; baseline 0.002 -22"><span class='ocrx_word' id='word_1_113' title='bbox 398 2290 536 2378; x_wconf 77' lang='lat' dir='ltr'><strong>gratiam</strong></span> <span class='ocrx_word' id='word_1_114' title='bbox 558 2290 733 2358; x_wconf 87' lang='lat' dir='ltr'><strong>relaturum</strong></span> <span class='ocrx_word' id='word_1_115' title='bbox 755 2311 853 2357; x_wconf 89' lang='lat' dir='ltr'><strong>esse:</strong></span> 
     </span>
    </p>
   </div>
   <div class='ocr_carea' id='block_1_7' title="bbox 592 2466 1291 3024">
    <p class='ocr_par' dir='ltr' id='par_1_7' title="bbox 595 2466 1187 2550">
     <span class='ocr_line' id='line_1_16' title="bbox 595 2466 1187 2550; baseline 0.003 -18"><span class='ocrx_word' id='word_1_116' title='bbox 595 2491 654 2532; x_wconf 83' lang='lat' dir='ltr'><strong>aon</strong></span> <span class='ocrx_word' id='word_1_117' title='bbox 674 2491 737 2532; x_wconf 78' lang='lat' dir='ltr'><strong>nors</strong></span> <span class='ocrx_word' id='word_1_118' title='bbox 758 2467 814 2531; x_wconf 73' lang='lat' dir='ltr'><strong>laec</strong></span> <span class='ocrx_word' id='word_1_119' title='bbox 834 2470 892 2550; x_wconf 74' lang='lat' dir='ltr'><strong>eoi,</strong></span> <span class='ocrx_word' id='word_1_120' title='bbox 913 2469 998 2548; x_wconf 79' lang='lat' dir='ltr'><strong>sulse,</strong></span> <span class='ocrx_word' id='word_1_121' title='bbox 1019 2471 1063 2532; x_wconf 83' lang='lat' dir='ltr'><strong>sic</strong></span> <span class='ocrx_word' id='word_1_122' title='bbox 1081 2466 1187 2535; x_wconf 71' lang='lat' dir='ltr'><strong>abac.</strong></span> 
     </span>
    </p>

    <p class='ocr_par' dir='ltr' id='par_1_8' title="bbox 592 2581 1291 3024">
     <span class='ocr_line' id='line_1_17' title="bbox 595 2581 1146 2669; baseline -0.004 -18"><span class='ocrx_word' id='word_1_123' title='bbox 595 2610 676 2669; x_wconf 83' lang='lat' dir='ltr'><strong>acm,</strong></span> <span class='ocrx_word' id='word_1_124' title='bbox 697 2581 861 2668; x_wconf 73' lang='lat' dir='ltr'><strong>elicuerit,</strong></span> <span class='ocrx_word' id='word_1_125' title='bbox 884 2587 926 2650; x_wconf 82' lang='lat' dir='ltr'><strong>ud</strong></span> <span class='ocrx_word' id='word_1_126' title='bbox 944 2585 1146 2651; x_wconf 73' lang='lat' dir='ltr'><strong>librariorum</strong></span> 
     </span>
     <span class='ocr_line' id='line_1_18' title="bbox 594 2703 1175 2788; baseline -0.005 -21"><span class='ocrx_word' id='word_1_127' title='bbox 594 2725 723 2767; x_wconf 80' lang='lat' dir='ltr'><strong>curram</strong></span> <span class='ocrx_word' id='word_1_128' title='bbox 743 2704 869 2784; x_wconf 79' lang='lat' dir='ltr'><strong>scrs&#39;rcia,</strong></span> <span class='ocrx_word' id='word_1_129' title='bbox 892 2703 1015 2768; x_wconf 70' lang='lat' dir='ltr'><strong>Caesus</strong></span> <span class='ocrx_word' id='word_1_130' title='bbox 1036 2704 1175 2788; x_wconf 68' lang='lat' dir='ltr'><strong>Aptucca</strong></span> 
     </span>
     <span class='ocr_line' id='line_1_19' title="bbox 595 2816 1291 2908; baseline -0.001 -24"><span class='ocrx_word' id='word_1_131' title='bbox 595 2816 751 2905; x_wconf 80' lang='lat' dir='ltr'><strong>Suffenum</strong></span> <span class='ocrx_word' id='word_1_132' title='bbox 772 2821 878 2885; x_wconf 69' lang='lat' dir='ltr'><strong>omna</strong></span> <span class='ocrx_word' id='word_1_133' title='bbox 899 2820 1053 2908; x_wconf 74' lang='lat' dir='ltr'><strong>conliqam</strong></span> <span class='ocrx_word' id='word_1_134' title='bbox 1071 2840 1189 2883; x_wconf 82' lang='lat' dir='ltr'><strong>uenena</strong></span> <span class='ocrx_word' id='word_1_135' title='bbox 1287 2840 1291 2845; x_wconf 84' lang='grc'><strong>’</strong></span> 
     </span>
     <span class='ocr_line' id='line_1_20' title="bbox 592 2937 1177 3024; baseline 0 -22"><span class='ocrx_word' id='word_1_136' title='bbox 592 2961 630 3002; x_wconf 88' lang='lat' dir='ltr'><strong>cc</strong></span> <span class='ocrx_word' id='word_1_137' title='bbox 651 2950 678 3001; x_wconf 83' lang='lat' dir='ltr'><strong>te</strong></span> <span class='ocrx_word' id='word_1_138' title='bbox 697 2938 748 3003; x_wconf 76' lang='lat' dir='ltr'><strong>Isis</strong></span> <span class='ocrx_word' id='word_1_139' title='bbox 769 2938 934 3024; x_wconf 72' lang='lat' dir='ltr'><strong>supplicue</strong></span> <span class='ocrx_word' id='word_1_140' title='bbox 954 2937 1177 3003; x_wconf 81' lang='lat' dir='ltr'><strong>remunerabor.</strong></span> 
     </span>
    </p>
   </div>
   <div class='ocr_carea' id='block_1_8' title="bbox 387 3107 1442 4257">
    <p class='ocr_par' dir='ltr' id='par_1_9' title="bbox 387 3107 1442 4257">
     <span class='ocr_line' id='line_1_21' title="bbox 393 3107 1441 3203; baseline -0.002 -22"><span class='ocrx_word' id='word_1_141' title='bbox 393 3111 540 3181; x_wconf 87' lang='lat' dir='ltr'><strong>Catullus</strong></span> <span class='ocrx_word' id='word_1_142' title='bbox 561 3114 685 3182; x_wconf 80' lang='lat' dir='ltr'><strong>Sullam</strong></span> <span class='ocrx_word' id='word_1_143' title='bbox 712 3116 800 3183; x_wconf 90' lang='lat' dir='ltr'><strong>illum</strong></span> <span class='ocrx_word' id='word_1_144' title='bbox 826 3138 893 3183; x_wconf 94' lang='lat' dir='ltr'><strong>non</strong></span> <span class='ocrx_word' id='word_1_145' title='bbox 914 3117 981 3182; x_wconf 90' lang='lat' dir='ltr'><strong>sine</strong></span> <span class='ocrx_word' id='word_1_146' title='bbox 1003 3125 1188 3203; x_wconf 89' lang='lat' dir='ltr'><strong>contemptu</strong></span> <span class='ocrx_word' id='word_1_147' title='bbox 1207 3107 1441 3181; x_wconf 83' lang='lat' dir='ltr'><strong>&#39;litteratorem’</strong></span> 
     </span>
     <span class='ocr_line' id='line_1_22' title="bbox 393 3231 1442 3321; baseline -0.001 -24"><span class='ocrx_word' id='word_1_148' title='bbox 393 3231 577 3320; x_wconf 78' lang='lat' dir='ltr'><strong>adpellauit</strong></span> <span class='ocrx_word' id='word_1_149' title='bbox 627 3234 804 3301; x_wconf 78' lang='lat' dir='ltr'><strong>Suetonius</strong></span> <span class='ocrx_word' id='word_1_150' title='bbox 831 3234 887 3319; x_wconf 87' lang='lat' dir='ltr'><strong>(de</strong></span> <span class='ocrx_word' id='word_1_151' title='bbox 918 3256 1055 3321; x_wconf 86' lang='lat' dir='ltr'><strong>gramm.</strong></span> <span class='ocrx_word' id='word_1_152' title='bbox 1082 3235 1117 3316; x_wconf 83' lang='lat'><strong>4)</strong></span> <span class='ocrx_word' id='word_1_153' title='bbox 1149 3246 1220 3298; x_wconf 80' lang='lat' dir='ltr'><strong>scat</strong></span> <span class='ocrx_word' id='word_1_154' title='bbox 1248 3231 1356 3320; x_wconf 89' lang='lat' dir='ltr'><strong>inquit</strong></span> <span class='ocrx_word' id='word_1_155' title='bbox 1386 3236 1442 3318; x_wconf 81' lang='lat' dir='ltr'><strong>qui</strong></span> 
     </span>
     <span class='ocr_line' id='line_1_23' title="bbox 390 3351 1438 3439; baseline -0.002 -24"><span class='ocrx_word' id='word_1_156' title='bbox 390 3351 551 3417; x_wconf 64' lang='lat' dir='ltr'><strong>lunarem</strong></span> <span class='ocrx_word' id='word_1_157' title='bbox 571 3376 593 3416; x_wconf 90' lang='lat' dir='ltr'><strong>c</strong></span> <span class='ocrx_word' id='word_1_158' title='bbox 611 3353 776 3418; x_wconf 65' lang='lat' dir='ltr'><strong>litteratore</strong></span> <span class='ocrx_word' id='word_1_159' title='bbox 795 3354 998 3439; x_wconf 60' lang='lat' dir='ltr'><strong>distinerent,</strong></span> <span class='ocrx_word' id='word_1_160' title='bbox 1019 3364 1050 3417; x_wconf 81' lang='lat' dir='ltr'><strong>ut</strong></span> <span class='ocrx_word' id='word_1_161' title='bbox 1070 3352 1185 3417; x_wconf 80' lang='lat' dir='ltr'><strong>Graeci</strong></span> <span class='ocrx_word' id='word_1_162' title='bbox 1200 3353 1438 3436; x_wconf 77' lang='lat' dir='ltr'><strong>prammcts&#39;cum</strong></span> 
     </span>
     <span class='ocr_line' id='line_1_24' title="bbox 390 3469 1437 3555; baseline 0.002 -24"><span class='ocrx_word' id='word_1_163' title='bbox 390 3492 411 3531; x_wconf 83' lang='lat' dir='ltr'><strong>a</strong></span> <span class='ocrx_word' id='word_1_164' title='bbox 429 3473 659 3553; x_wconf 67' lang='lat' dir='ltr'><strong>premmuuirta,</strong></span> <span class='ocrx_word' id='word_1_165' title='bbox 688 3482 717 3535; x_wconf 84' lang='lat' dir='ltr'><strong>et</strong></span> <span class='ocrx_word' id='word_1_166' title='bbox 743 3472 828 3535; x_wconf 78' lang='lat' dir='ltr'><strong>illum</strong></span> <span class='ocrx_word' id='word_1_167' title='bbox 855 3472 974 3555; x_wconf 74' lang='lat' dir='ltr'><strong>quidem</strong></span> <span class='ocrx_word' id='word_1_168' title='bbox 995 3469 1129 3535; x_wconf 71' lang='lat' dir='ltr'><strong>ebrocas</strong></span> <span class='ocrx_word' id='word_1_169' title='bbox 1148 3472 1229 3533; x_wconf 77' lang='lat' dir='ltr'><strong>luae</strong></span> <span class='ocrx_word' id='word_1_170' title='bbox 1246 3469 1437 3533; x_wconf 71' lang='lat' dir='ltr'><strong>medeborr‘ter</strong></span> 
     </span>
     <span class='ocr_line' id='line_1_25' title="bbox 390 3583 1437 3673; baseline 0.001 -24"><span class='ocrx_word' id='word_1_171' title='bbox 390 3583 509 3649; x_wconf 73' lang='lat' dir='ltr'><strong>dueum</strong></span> <span class='ocrx_word' id='word_1_172' title='bbox 542 3586 730 3667; x_wconf 62' lang='lat' dir='ltr'><strong>sairanem,</strong></span> <span class='ocrx_word' id='word_1_173' title='bbox 761 3608 886 3673; x_wconf 79' lang='lat' dir='ltr'><strong>quoram</strong></span> <span class='ocrx_word' id='word_1_174' title='bbox 916 3588 1082 3671; x_wconf 58' lang='lat' dir='ltr'><strong>musonem</strong></span> <span class='ocrx_word' id='word_1_175' title='bbox 1114 3584 1251 3651; x_wconf 77' lang='lat' dir='ltr'><strong>Orbelius</strong></span> <span class='ocrx_word' id='word_1_176' title='bbox 1281 3586 1437 3670; x_wconf 74' lang='lat' dir='ltr'><strong>exemplis</strong></span> 
     </span>
     <span class='ocr_line' id='line_1_26' title="bbox 389 3701 1435 3790; baseline 0.001 -23"><span class='ocrx_word' id='word_1_177' title='bbox 389 3702 559 3787; x_wconf 78' lang='lat' dir='ltr'><strong>confirmat.</strong></span> <span class='ocrx_word' id='word_1_178' title='bbox 607 3702 693 3790; x_wconf 85' lang='lat' dir='ltr'><strong>quod</strong></span> <span class='ocrx_word' id='word_1_179' title='bbox 723 3702 893 3769; x_wconf 82' lang='lat' dir='ltr'><strong>discrimen</strong></span> <span class='ocrx_word' id='word_1_180' title='bbox 924 3726 988 3769; x_wconf 90' lang='lat' dir='ltr'><strong>non</strong></span> <span class='ocrx_word' id='word_1_181' title='bbox 1016 3701 1085 3767; x_wconf 88' lang='lat' dir='ltr'><strong>tolli</strong></span> <span class='ocrx_word' id='word_1_182' title='bbox 1113 3701 1243 3767; x_wconf 91' lang='lat' dir='ltr'><strong>uidetur</strong></span> <span class='ocrx_word' id='word_1_183' title='bbox 1270 3701 1317 3784; x_wconf 87' lang='lat' dir='ltr'><strong>(id</strong></span> <span class='ocrx_word' id='word_1_184' title='bbox 1346 3702 1435 3790; x_wconf 86' lang='lat' dir='ltr'><strong>quod</strong></span> 
     </span>
     <span class='ocr_line' id='line_1_27' title="bbox 389 3816 1435 3907; baseline -0.002 -23"><span class='ocrx_word' id='word_1_185' title='bbox 389 3816 564 3885; x_wconf 86' lang='lat' dir='ltr'><strong>Suetonius</strong></span> <span class='ocrx_word' id='word_1_186' title='bbox 592 3818 611 3883; x_wconf 88' lang='lat' dir='ltr'><strong>l</strong></span> <span class='ocrx_word' id='word_1_187' title='bbox 639 3844 665 3885; x_wconf 94' lang='lat' dir='ltr'><strong>c.</strong></span> <span class='ocrx_word' id='word_1_188' title='bbox 694 3820 755 3887; x_wconf 90' lang='lat' dir='ltr'><strong>sibi</strong></span> <span class='ocrx_word' id='word_1_189' title='bbox 782 3819 957 3907; x_wconf 78' lang='lat' dir='ltr'><strong>persuasit)</strong></span> <span class='ocrx_word' id='word_1_190' title='bbox 986 3817 1073 3883; x_wconf 90' lang='lat' dir='ltr'><strong>dicto</strong></span> <span class='ocrx_word' id='word_1_191' title='bbox 1102 3818 1242 3906; x_wconf 89' lang='lat' dir='ltr'><strong>quodam</strong></span> <span class='ocrx_word' id='word_1_192' title='bbox 1263 3817 1435 3892; x_wconf 85' lang='lat' dir='ltr'><strong>Messallae</strong></span> 
     </span>
     <span class='ocr_line' id='line_1_28' title="bbox 388 3924 1433 4004; baseline 0.002 -5"><span class='ocrx_word' id='word_1_193' title='bbox 388 3932 520 3999; x_wconf 79' lang='lat' dir='ltr'><strong>Coruini</strong></span> <span class='ocrx_word' id='word_1_194' title='bbox 540 3930 615 4001; x_wconf 85' lang='lat' dir='ltr'><strong>‘non</strong></span> <span class='ocrx_word' id='word_1_195' title='bbox 636 3958 707 4001; x_wconf 88' lang='lat' dir='ltr'><strong>esse</strong></span> <span class='ocrx_word' id='word_1_196' title='bbox 728 3924 798 4002; x_wconf 85' lang='lat' dir='ltr'><strong>sibi&#39;</strong></span> <span class='ocrx_word' id='word_1_197' title='bbox 817 3934 950 4001; x_wconf 82' lang='lat' dir='ltr'><strong>dicentis</strong></span> <span class='ocrx_word' id='word_1_198' title='bbox 970 3930 1048 4004; x_wconf 90' lang='lat' dir='ltr'><strong>‘rem</strong></span> <span class='ocrx_word' id='word_1_199' title='bbox 1069 3958 1140 4001; x_wconf 88' lang='lat' dir='ltr'><strong>eum</strong></span> <span class='ocrx_word' id='word_1_200' title='bbox 1157 3935 1257 4002; x_wconf 82' lang='lat' dir='ltr'><strong>Furio</strong></span> <span class='ocrx_word' id='word_1_201' title='bbox 1272 3933 1433 4002; x_wconf 86' lang='lat' dir='ltr'><strong>Bibaculo</strong></span> 
     </span>
     <span class='ocr_line' id='line_1_29' title="bbox 387 4046 1432 4140; baseline 0 -23"><span class='ocrx_word' id='word_1_202' title='bbox 387 4074 429 4117; x_wconf 89' lang='lat' dir='ltr'><strong>ne</strong></span> <span class='ocrx_word' id='word_1_203' title='bbox 462 4072 534 4115; x_wconf 88' lang='lat' dir='ltr'><strong>cum</strong></span> <span class='ocrx_word' id='word_1_204' title='bbox 563 4050 677 4117; x_wconf 85' lang='lat' dir='ltr'><strong>Ticida</strong></span> <span class='ocrx_word' id='word_1_205' title='bbox 709 4052 839 4140; x_wconf 90' lang='lat' dir='ltr'><strong>quidem</strong></span> <span class='ocrx_word' id='word_1_206' title='bbox 869 4062 927 4117; x_wconf 87' lang='lat' dir='ltr'><strong>aut</strong></span> <span class='ocrx_word' id='word_1_207' title='bbox 955 4052 1134 4118; x_wconf 85' lang='lat' dir='ltr'><strong>litteratore</strong></span> <span class='ocrx_word' id='word_1_208' title='bbox 1163 4046 1307 4119; x_wconf 84' lang='lat' dir='ltr'><strong>Catone&#39;.</strong></span> <span class='ocrx_word' id='word_1_209' title='bbox 1355 4076 1432 4119; x_wconf 86' lang='lat' dir='ltr'><strong>nem</strong></span> 
     </span>
     <span class='ocr_line' id='line_1_30' title="bbox 387 4166 1433 4257; baseline 0.001 -23"><span class='ocrx_word' id='word_1_210' title='bbox 387 4166 538 4235; x_wconf 80' lang='lat' dir='ltr'><strong>Messalla</strong></span> <span class='ocrx_word' id='word_1_211' title='bbox 559 4190 686 4257; x_wconf 87' lang='lat' dir='ltr'><strong>quoque</strong></span> <span class='ocrx_word' id='word_1_212' title='bbox 710 4168 868 4237; x_wconf 84' lang='lat' dir='ltr'><strong>Catonem</strong></span> <span class='ocrx_word' id='word_1_213' title='bbox 891 4170 1103 4257; x_wconf 75' lang='lat' dir='ltr'><strong>contemptius</strong></span> <span class='ocrx_word' id='word_1_214' title='bbox 1131 4170 1303 4255; x_wconf 80' lang='lat' dir='ltr'><strong>designare</strong></span> <span class='ocrx_word' id='word_1_215' title='bbox 1327 4170 1433 4237; x_wconf 88' lang='lat' dir='ltr'><strong>uoluit</strong></span> 
     </span>
    </p>
   </div>
   <div class='ocr_carea' id='block_1_9' title="bbox 0 0 1676 5200">
    <p class='ocr_par' dir='ltr' id='par_1_10' title="bbox 0 0 1676 5200">
     <span class='ocr_line' id='line_1_31' title="bbox 0 0 1676 5200; baseline 0 8"><span class='ocrx_word' id='word_1_216' title='bbox 0 0 1676 5200; x_wconf 95' lang='lat' dir='ltr'><strong> </strong></span> 
     </span>
    </p>
   </div>
  </div>
 </body>
</html>
