3342 5200
389 600 439 654 ²8⁶
589 597 665 650 vmr
698 596 746 648 Du
764 595 922 650 CAESARE
938 594 1234 648 cresceremus

388 787 484 856 quem
519 761 651 832 Caesari
685 785 815 830 carmen
849 764 910 828 boc
942 762 1097 829 mouisset
1128 762 1293 832 Catullum
1325 765 1434 852 ipsum

388 884 421 950 in
450 881 589 948 csrmbre
617 901 681 948 Luu
709 880 899 969 respexisse.
948 882 1025 946 item
1046 903 1143 968 supra
1163 905 1194 969 p.
1215 881 1276 946 207
1299 881 1434 948 adnota-

387 1000 493 1068 uimus
523 1021 652 1066 carmen
679 1021 788 1064 xxvrru
820 1000 906 1064 intra
936 1021 1056 1064 annum
1086 998 1142 1085 qui
1174 1022 1194 1065 s
1221 1021 1332 1064 mense
1364 999 1435 1064 fere

388 1117 572 1207 Septembri
593 1117 668 1184 enni
689 1117 807 1193 699luu
827 1137 932 1203 usque
957 1116 999 1181 ad
1026 1137 1168 1181 mensem
1196 1114 1334 1182 eundern
1355 1115 1435 1182 anni

388 1235 505 1313 700154
524 1235 586 1300 fuit
606 1234 758 1322 scriptum
780 1255 852 1298 esse
873 1257 882 1298 ε
903 1233 997 1298 simul
1017 1241 1125 1298 tamen
1139 1232 1338 1320 probabilius
1360 1255 1433 1300 esse

387 1353 527 1420 diximus
547 1350 581 1417 id
602 1351 754 1418 extremis
776 1350 852 1415 anui
873 1349 990 1428 sueton
1011 1349 1173 1416 mensibus
1203 1372 1298 1438 quarn
1318 1349 1434 1438 priori-

386 1472 447 1538 bus
468 1467 632 1558 sequentis
653 1466 815 1534 Catullum
836 1467 962 1533 fecisse.
1004 1465 1080 1532 inde
1101 1465 1294 1554 conligimus
1310 1467 1433 1534 Catulli

387 1585 638 1670 excusationem,
659 1607 756 1674 quam
775 1583 950 1652 Suetonius
972 1585 1245 1668 commemorauit,
1267 1607 1333 1652 non
1355 1596 1433 1652 ante

386 1713 574 1772 autumnum
596 1703 672 1768 anni
686 1702 803 1779 699l55
817 1702 888 1768 fieri
902 1702 1055 1789 potuisse.
1097 1702 1330 1770 adcuratiorem
1351 1713 1432 1768 tem·

386 1822 474 1909 poris
494 1819 713 1886 definitionem
734 1821 844 1886 nescio
867 1843 908 1885 an
922 1819 1145 1908 adsequamur,
1168 1821 1195 1884 si
1208 1821 1432 1888 demonstrare

385 1939 479 2005 nobis
500 1937 670 2026 contigerit
690 1937 821 2004 ubinam
848 1935 995 2004 Catullus
1022 1935 1154 2003 Caesari
1175 1938 1320 2025 grauiter
1340 1939 1431 2004 lncso

384 2056 463 2124 satis
490 2055 611 2122 fecerit.
654 2055 780 2122 Romae
808 2054 956 2122 Catullus
984 2054 1132 2122 Caesaris
1161 2055 1290 2121 ueniam
1317 2065 1431 2143 petere

386 2196 451 2240 non
482 2174 606 2262 potuit,
639 2196 711 2239 cunr
740 2172 861 2240 Caesar
883 2172 1062 2239 Galliarum
1083 2173 1256 2259 proconsul
1282 2172 1357 2239 inde
1387 2175 1429 2240 ab

385 2313 469 2358 auno
488 2291 604 2370 696158
626 2313 727 2379 usque
749 2290 789 2356 sd
811 2314 931 2357 annum
951 2291 1066 2369 705149
1081 2290 1115 2355 in
1129 2289 1245 2358 Galliis
1259 2290 1431 2356 Britannia

386 2410 562 2478 Germania
581 2421 833 2476 commoraretur
859 2431 966 2498 neque
993 2410 1023 2474 ei
1051 2408 1251 2496 prouinciam
1280 2408 1430 2486 deserere

383 2527 504 2594 liceret.
547 2526 657 2617 itaque
686 2526 847 2594 Catullum
874 2527 934 2591 uisi
964 2527 997 2591 in
1024 2526 1096 2615 ipsa
1123 2524 1293 2613 prouincia
1321 2526 1431 2593 Gallia

384 2647 593 2713 acerbitatem
626 2646 800 2711 carminum
834 2667 965 2711 suorum
995 2653 1202 2711 excusantem
1235 2643 1355 2710 Caesar
1388 2646 1431 2711 ad

383 2787 495 2831 cenam
523 2764 662 2830 inuitare
688 2787 752 2831 non
781 2764 894 2851 potuit.
944 2764 977 2827 in
1000 2760 1109 2829 Gallia
1136 2772 1244 2829 autem
1266 2760 1432 2829 Catullum

386 2878 517 2949 Caesari
536 2881 739 2947 satisfecisse
754 2903 793 2947 eo
810 2881 917 2946 minus
931 2879 1162 2946 dubitationem
1176 2902 1306 2946 mouere
1320 2892 1432 2966 potest

386 2996 472 3087 quod
493 3006 526 3063 et
546 2998 692 3081 Verona,
720 2998 806 3063 unde
827 3009 925 3085 poeta
945 2997 1100 3063 oriundus
1122 3007 1206 3081 erat,
1227 2997 1327 3084 ipsius
1349 2996 1431 3065 Gal-

384 3116 446 3181 liae
476 3117 654 3193 citerioris,
687 3138 783 3205 quam
814 3114 935 3180 Caesar
966 3115 1059 3180 simul
1089 3138 1175 3194 cum,
1193 3114 1346 3181 ulteriore
1374 3114 1429 3181 ad·

383 3234 595 3309 ministrabat,
616 3235 692 3299 urbs
707 3233 769 3299 fuit
786 3242 818 3299 et
833 3229 962 3316 Caesar,
985 3233 1133 3319 quotiens
1151 3232 1197 3297 ibi
1212 3234 1431 3299 commoraba-

383 3360 457 3427 tur,
492 3349 632 3437 hospitio
666 3347 787 3416 Catulli
821 3349 922 3436 patris
954 3371 1031 3414 usus
1062 3359 1119 3415 est
1183 3373 1287 3438 neque
1319 3360 1431 3416 tamen

385 3469 547 3535 Catullum
570 3478 636 3533 tam
658 3467 835 3535 studiosum
851 3477 883 3533 et
897 3466 1047 3555 cupidum
1061 3467 1145 3533 illius
1160 3446 1444 3535 reconciliationis*

383 3586 483 3652 firisse
503 3585 669 3674 probabile
697 3596 745 3651 est
772 3595 808 3651 ut
836 3586 906 3673 ipse
926 3584 1098 3651 Caesarem
1125 3585 1243 3652 alicubi
1263 3585 1297 3651 in
1320 3584 1431 3652 Gallia

385 3705 598 3791 Transalpina
623 3712 791 3792 quaereret
821 3713 855 3768 et
880 3704 1031 3769 uiseret:
1058 3704 1197 3771 reditum
1228 3703 1261 3769 in
1290 3704 1431 3790 gratiam

384 3833 452 3887 tum
471 3821 587 3909 potius,
610 3844 680 3887 cum
696 3820 868 3909 aliquando
884 3819 1061 3886 aduersarii
1082 3821 1145 3886 duo
1161 3822 1193 3887 in
1208 3820 1340 3909 regione
1354 3844 1431 3908 poe-

384 3950 437 4005 tae
459 3940 565 4026 patria
586 3948 868 4020 commorarentur,
889 3938 1038 4003 effectum
1054 3960 1122 4003 esse
1138 3938 1271 4004 conicio.
1301 3948 1335 4003 at
1350 3962 1432 4004 num

385 4056 506 4123 Caesar
527 4079 564 4123 eo
587 4066 731 4143 tempore
752 4080 816 4147 quo
833 4055 1049 4123 reconciliatio
1070 4055 1124 4122 illa
1143 4056 1228 4125 facta
1242 4058 1284 4125 sit
1298 4080 1432 4125 necesse
