3342 5200
455 612 496 665 111
529 611 578 665 DE
594 612 640 665 Ru
655 611 844 665 FAMILIARI
860 610 1014 665 GA'I'VIanI
1220 615 1254 665 Il

201 778 271 841 suis
305 777 404 863 ipsius
433 777 548 864 opibus
579 786 646 845 tam
671 778 807 845 honeste
828 800 864 844 se
894 777 1097 844 sustentabat
1124 787 1162 844 ut
1181 801 1255 845 oum

202 894 316 960 multis
330 892 514 960 hominibus
534 894 740 961 nobilissimis
756 904 788 961 et
802 893 1003 961 diuitissimis
1024 895 1256 962 consuetudine

205 1010 261 1077 uel
288 1010 429 1089 amicitia
468 1012 657 1079 oouiunotus
690 1009 806 1077 esset?
855 1033 954 1099 porro
991 1010 1138 1077 Catullus
1175 1011 1257 1078 duas

203 1128 300 1193 uillas
321 1126 482 1214 possedit,
514 1149 651 1214 quarum
672 1128 807 1193 alteram
829 1127 862 1193 in
885 1125 1045 1193 Sirmione
1065 1126 1256 1215 paeninsula

204 1244 302 1311 sitam
317 1243 502 1331 eBithynia
512 1265 663 1309 reuersus
674 1244 816 1310 carmine
826 1268 908 1309 xxx·
923 1244 1042 1311 salutat
1054 1244 1111 1329 (ef.
1124 1266 1255 1310 uersum

206 1360 248 1425 12
262 1363 355 1435 sane,
377 1372 537 1425 oueuusta
550 1361 673 1443 Sirmio,
696 1373 787 1447 utque
808 1384 859 1426 ero
879 1360 1005 1445 ponde),
1028 1362 1163 1427 alteram
1184 1361 1257 1426 sub

204 1478 366 1545 urbanam
394 1498 495 1564 prope
521 1476 626 1543 Tibur
653 1477 687 1543 in
713 1476 799 1543 Latii
828 1486 863 1542 et
890 1474 1090 1543 Sabinorum
1116 1478 1257 1544 confinio

203 1593 344 1682 positam
378 1594 411 1658 in
447 1595 589 1661 carmine
623 1617 758 1661 xxxxuu
794 1605 1032 1660 commemorat.
1078 1593 1187 1661 uillam
1222 1594 1255 1659 in

201 1710 369 1777 Sirmione
390 1710 485 1777 sitam
513 1712 622 1777 neseio
650 1735 692 1778 an
713 1709 893 1777 hereditate
913 1711 1076 1797 acceperit
1097 1708 1254 1795 Catullus,

203 1826 375 1893 Tiburtem
408 1836 522 1893 eontra
546 1836 660 1915 postea
689 1849 786 1916 quam
818 1828 945 1895 Romae
970 1826 1118 1893 habitare
1148 1826 1255 1915 eoepit

151 2013 161 2039 5
203 1945 275 2031 ipse
296 1943 357 2009 sibi
379 1945 604 2031 conparauisse
632 1942 769 2011 uidetur.
811 1944 914 2010 uerbo
942 1943 1097 2011 adnotare
1125 1944 1255 2028 suffieit,

204 2083 280 2126 oum
302 2060 336 2125 in
357 2058 526 2127 Sirmionis
547 2060 756 2148 paeninsulae
776 2070 871 2149 parte
893 2069 1038 2127 extrema
1058 2059 1144 2126 inter
1164 2083 1254 2127 ocea-

204 2200 276 2243 sum
298 2177 376 2242 solis
397 2186 430 2243 et
451 2176 684 2264 septentriones
705 2176 766 2242 sita
787 2176 965 2265 parietinae
988 2176 1115 2243 aedium
1136 2176 1255 2265 ampla·

204 2316 276 2359 rum
300 2302 449 2361 uetustae
468 2294 563 2361 hodie
585 2292 661 2359 dum
684 2302 815 2375 extent,
838 2292 894 2358 illa
913 2292 1048 2381 regione
1070 2293 1254 2380 opinionem

203 2413 239 2476 in
260 2412 363 2497 uulgo
384 2409 498 2495 uigere
519 2432 575 2477 sas
590 2408 712 2479 Catulli
732 2408 829 2476 uillae
851 2406 1079 2476 Sirmionensis
1099 2410 1253 2498 reliquias

203 2549 285 2595 esse.
329 2527 414 2593 hano
441 2535 548 2593 autem
578 2524 769 2593 senteutiam
791 2524 998 2592 iamdudum
1019 2524 1253 2611 addubitatum,

203 2667 289 2734 quae
316 2667 374 2732 per
401 2653 604 2732 suspectata
635 2644 776 2710 maxime
805 2642 1017 2730 inprobabilis
1047 2652 1114 2727 est,
1149 2665 1252 2731 nuper

202 2764 345 2830 Ioannes
359 2761 580 2848 Hieronymus
602 2758 725 2842 Ortius,
748 2758 804 2848 qui
826 2757 867 2825 de
883 2755 1043 2826 Sirmione
1063 2758 1253 2847 paeninsula

200 2879 322 2946 librum
337 2877 488 2944 Veronae
502 2899 531 2942 a.
545 2876 625 2942 1856
640 2875 747 2958 edidit,
761 2874 941 2962 redarguit,
957 2876 1012 2963 qui
1027 2885 1140 2963 postea
1155 2898 1252 2964 quam

201 2993 330 3060 aedium
343 2992 470 3058 illarum
484 2990 693 3063 fundamenta
708 2989 891 3058 effodienda
905 2993 1041 3074 curauit,
1053 2990 1251 3058 thermarum

201 3107 409 3178 Constantini
439 3108 632 3197 inperatoris
661 3109 731 3175 fere
758 3117 904 3196 tempore
930 3117 1151 3174 extructarum
1179 3108 1252 3175 illas

200 3249 272 3294 esse
303 3226 413 3292 ruinas
445 3224 597 3312 cognouit
624 3248 632 3290 :
659 3225 700 3290 of.
727 3224 769 3290 A.
799 3224 841 3291 G.
871 3225 1039 3312 Zumptius
1075 3224 1109 3291 in
1141 3225 1250 3313 philol.

199 3342 370 3412 Leutsobii
390 3340 522 3406 111754.
566 3349 710 3406 ceterum
731 3340 863 3406 nomina
883 3350 917 3406 et
937 3340 1037 3407 libros
1059 3363 1171 3408 eorum
1193 3342 1249 3430 qui

182 3470 300 3532 ,antea
319 3461 382 3524 hae
403 3458 443 3526 de
472 3480 508 3523 re
540 3458 737 3546 scripserunt
758 3457 918 3524 Baehrius
938 3457 1048 3526 histor.
1069 3457 1131 3524 litt.
1154 3457 1250 3524 Rom.

200 3577 295 3643 1403
316 3574 480 3641 indicauit.

122 3704 125 3710 '
282 3693 337 3758 De
366 3691 434 3758 uita
467 3689 588 3758 Catulli
617 3690 689 3778 ipsa
717 3690 815 3756 rebus
842 3688 1028 3778 permultis,
1059 3713 1140 3778 quas
1169 3690 1251 3756 seire

199 3819 315 3878 nostra
335 3807 465 3896 plurimi
485 3808 636 3888 interest,
668 3829 766 3894 aegre
788 3829 935 3872 caremus
956 3829 964 3871 :
985 3807 1145 3873 nescimus
1168 3830 1250 3896 quos

198 3927 376 4012 magistros
402 3924 456 3990 ille
483 3924 652 4007 babuerit,
684 3946 749 4013 qua
776 3922 902 3992 ratione
929 3925 963 3988 in
990 3924 1105 3990 litteris
1133 3945 1167 3989 se
1192 3945 1250 3988 ox·

198 4044 348 4126 coluerit,
370 4042 459 4106 ouius
480 4041 670 4108 auctoritate
685 4040 816 4106 Verona
830 4041 943 4108 relicta
957 4040 1095 4106 Romam
1117 4039 1250 4106 uenerit.

196 4184 274 4226 nam
293 4157 458 4226 Catullum
470 4157 629 4238 aManlio‚
646 4158 687 4223 ad
703 4179 799 4247 quem
815 4179 944 4222 carmen
956 4177 1056 4222 uxvur
1077 4156 1249 4244 scripserit,
1322 4172 1328 4182 ·

1001 4257 1021 4320 4
1032 4257 1051 4298 a
