3342 5200
415 680 480 734 VIII
513 682 562 733 DE
579 681 701 734 MORTE
719 682 868 735 FRATRIS
886 682 1039 737 enum
1199 688 1247 739 181

199 870 361 930 curamus,
383 869 454 913 cum
472 848 554 915 ratio
568 848 648 913 hacc
670 870 711 914 ex
724 848 811 914 illius
828 848 1005 916 rationibus
1020 849 1061 914 de
1074 847 1249 918 Catulliani

199 966 339 1034 Lesbiae
367 964 485 1032 amoris
513 975 658 1054 tempore
685 991 705 1033 s
730 966 823 1033 nobis
845 990 943 1055 supra
963 990 995 1055 p.
1020 968 1081 1035 130
1101 969 1248 1036 refutatis

199 1085 297 1174 plano
319 1082 509 1172 dependeat.
552 1092 664 1149 contra
684 1083 718 1149 in
739 1085 880 1150 carmine
903 1101 1017 1151 mm·
1037 1085 1159 1151 19-26

301 1228 355 1292 sed
374 1238 466 1291 totum
487 1226 542 1291 hoc
562 1226 699 1291 etodium
719 1229 800 1292 luctu
810 1226 965 1313 fraterna
984 1228 1063 1293 moisi
1079 1252 1160 1294 mors

349 1344 480 1410 abstulit.
513 1369 530 1409 o
550 1346 662 1410 misero
682 1344 784 1429 frater
804 1345 944 1431 adcenple
964 1346 1048 1428 milti,

300 1472 330 1526 tu
350 1484 420 1526 meu
441 1473 471 1525 tu
491 1461 625 1551 moriens
643 1461 778 1550 frepisti
797 1462 964 1545 commodo,
980 1467 1098 1547 frater,

348 1589 444 1642 tecum
467 1600 532 1642 unu
551 1587 612 1642 tota
633 1590 679 1642 cst
697 1589 798 1642 nostra
819 1580 935 1663 sepulta
955 1580 1074 1662 monus,

299 1696 403 1759 omnia
424 1706 524 1758 tecum
544 1717 608 1757 nna
627 1695 789 1780 perierunt
806 1697 922 1780 quadiu
942 1708 1059 1774 neutra,

348 1834 427 1898 quac
447 1821 514 1875 utus
534 1814 568 1876 in
588 1811 655 1875 uita
677 1809 772 1875 dulus
793 1811 892 1876 alebat
912 1834 1007 1877 amor.

299 1929 387 1993 cuius
408 1951 462 2015 epo
483 1928 610 1993 interdu
631 1940 689 1993 tcta
712 1927 868 1994 demente
886 1928 1012 2017 fuyauc'

347 2047 423 2110 haec
445 2044 549 2110 studia
572 2057 663 2131 cique
684 2050 780 2110 omnic
799 2046 927 2110 delicias
944 2046 1047 2128 animi,

197 2209 263 2277 quo
306 2188 376 2254 loco
413 2209 527 2253 uersus
565 2187 641 2253 olim
679 2187 718 2253 de
755 2196 858 2254 morte
894 2185 1016 2252 recenti
1059 2187 1244 2274 conpositos

195 2315 296 2393 poete
318 2304 409 2396 quasi
430 2303 557 2371 citando
578 2303 716 2393 repetiit,
747 2304 892 2370 dolorem
912 2302 1002 2391 prius
1021 2302 1246 2390 grauissimum

196 2423 337 2512 quodam
359 2421 455 2488 modo
477 2422 612 2488 lenitum
634 2432 667 2487 ct
688 2421 874 2510 mitigatum
894 2422 1070 2487 uidemus:
1092 2421 1245 2508 temporis

196 2540 285 2609 enim
325 2540 547 2629 longinquitas
581 2551 697 2629 poetae
736 2540 859 2607 luctum
900 2539 1078 2606 leuauerat„
1128 2539 1247 2606 etenim

196 2681 327 2724 carmen
357 2673 475 2723 vaun
497 2681 581 2725 anno
614 2659 682 2726 fers
712 2659 829 2736 696f58
861 2645 1016 2746 scriptum
1047 2679 1117 2723 esse
1147 2679 1246 2744 supra

196 2800 229 2865 p.
253 2776 314 2841 124
334 2775 509 2841 docuimus.
553 2774 693 2865 denique
714 2798 791 2843 uere
819 2775 895 2843 anni
915 2775 1032 2853 698s56
1054 2798 1183 2841 carmen
1205 2794 1245 2857 οι,

197 2903 235 2960 ut
256 2890 383 2980 saepius
404 2892 553 2972 diximus,
574 2892 729 2982 scriptum
750 2902 810 2960 est.
855 2916 918 2982 quo
940 2893 974 2957 in
999 2890 1139 2957 carmine
1161 2915 1246 2975 cum,

197 3009 230 3075 id
252 3008 340 3098 quod
354 3011 628 3097 Iungclcusseuus
649 3021 737 3078 recte
756 3010 865 3092 sensit,
886 3008 993 3076 fratris
1008 3010 1131 3076 obitum
1145 3009 1245 3076 multo

197 3128 302 3215 magis
334 3126 443 3215 quicto
475 3138 508 3193 et
532 3128 681 3195 conlecto
712 3129 820 3194 animo
852 3150 948 3216 quam
976 3127 1011 3192 in
1041 3126 1155 3192 ceteris
1183 3127 1245 3193 illis

197 3255 294 3334 pocta
316 3245 470 3332 queritur,
492 3245 546 3310 uel
566 3242 640 3310 inde
661 3245 695 3310 id
715 3244 879 3332 aliquanto
896 3254 970 3332 post
983 3244 1071 3309 locos
1086 3253 1151 3311 tres
1171 3243 1244 3311 illos

198 3385 271 3429 eum
292 3361 499 3450 conposuisse
521 3363 727 3428 manifestum
748 3371 807 3428 est.
