3342 5200
533 648 546 697 1
581 648 629 697 DE
646 646 841 698 HOMINIBVS
858 645 1011 696 carram
1257 647 1285 692 11

253 848 254 852 =
327 815 372 877 At
402 811 479 897 quid
509 814 592 877 hunc
621 811 723 875 locum
747 821 935 897 corruptum
958 809 1078 874 diutius
1099 810 1289 874 moramur?

245 928 377 1016 quando
400 928 529 1015 quidem
553 928 781 993 Laclimannus
805 926 920 1006 Quinti
942 949 1152 1013 praenomen,
1176 926 1235 989 nisi
1257 925 1288 989 id

243 1044 374 1111 Catullo
405 1046 503 1109 fuisse
534 1068 574 1109 ex
605 1044 675 1109 aliis
703 1044 894 1129 quibusdam
918 1045 1116 1127 argumentis
1138 1042 1198 1108 sibi
1219 1064 1289 1129 per·

242 1164 406 1243 suasisset,
428 1163 574 1247 profecto
597 1163 702 1225 nersui
719 1161 762 1224 illi
779 1183 843 1224 non
859 1160 1054 1225 inseruisset.
1098 1160 1291 1247 opinabatur

243 1290 351 1343 autem
381 1278 458 1343 illud
491 1277 752 1364 inscriptionibus
781 1277 933 1341 librorum
962 1300 1026 1341 uon
1048 1276 1206 1340 nullorum
1231 1276 1289 1341 Ca-

243 1395 450 1460 tullianorum
473 1404 505 1459 et
525 1396 596 1459 loco
612 1393 709 1457 Plinii
730 1394 870 1479 quodam
887 1395 966 1459 satis
986 1393 1124 1457 defendi.
1161 1392 1202 1455 de
1223 1391 1290 1478 qui-

244 1512 305 1576 bns
328 1514 423 1576 rebus
447 1511 524 1599 quid
540 1512 742 1576 statuendum
759 1512 800 1574 sit
812 1512 877 1574 iam
894 1510 986 1574 nobis
1002 1509 1290 1596 peruastigandum

242 1639 301 1693 est.
353 1640 450 1715 atque
482 1628 619 1714 primurn
652 1628 852 1714 inquiramus
888 1650 963 1690 uum
997 1628 1073 1714 quid
1103 1627 1142 1691 de
1171 1624 1290 1691 Catulli

241 1746 450 1832 praenomine
473 1767 514 1808 cx
537 1743 702 1810 codicibus
718 1742 909 1809 Catullianis
931 1744 1083 1827 cognosci
1106 1742 1216 1829 possit.
1258 1752 1290 1807 et

242 1864 275 1927 in
305 1861 395 1926 libris
424 1861 587 1947 plerisque
619 1860 766 1925 omnibus
801 1870 833 1923 et
865 1858 997 1924 sinceris
1028 1871 1060 1924 et
1091 1858 1290 1946 interpolatis

243 1999 439 2065 praenomen
468 1989 584 2062 poetae
612 1976 706 2063 plane
739 1976 918 2056 omittitur,
951 1976 1050 2041 ueluti
1083 1977 1115 2040 in
1147 1978 1290 2041 omniurn

243 2094 466 2180 antiquissimo
501 2094 657 2158 Tbuaneo
690 2092 889 2159 Senteniano
922 2093 981 2176 (L)
1017 2093 1291 2178 sangermanensi

245 2211 434 2284 Colbertino
457 2209 612 2274 Parisinis
628 2210 758 2274 duobus
782 2210 879 2292 (7989
902 2220 933 2273 et
955 2210 1037 2273 7990
1057 2238 1098 2262 =
1118 2209 1155 2284 121
1180 2218 1213 2272 et
1234 2208 1289 2290 P2)

245 2328 391 2393 Puteano
414 2326 609 2391 Memmiano
632 2326 792 2391 Gudianis
814 2326 939 2392 duobus
962 2326 1039 2409 (283
1060 2336 1093 2390 et
1112 2325 1175 2390 332
1188 2353 1230 2381 =
1244 2324 1289 2401 (ἦ

243 2454 277 2509 st
298 2442 360 2524 (ἦ)
382 2442 560 2509 Dresdensi
581 2451 625 2522 (u.
649 2444 797 2529 Silligius
817 2443 850 2507 in
873 2443 977 2507 Iahnii
1004 2441 1097 2508 nouis
1121 2442 1291 2506 annalibus

242 2584 296 2626 xm
325 2560 403 2644 284)
432 2560 674 2646 Hamburgensi
703 2560 930 2625 Laurentianis
962 2560 1065 2625 tribus
1097 2570 1291 2646 quattuorue
1323 2541 1326 2546 ’

244 2681 290 2760 (u.
305 2677 466 2744 Huscbkii
481 2677 617 2742 analect.
632 2677 729 2742 litter.
751 2701 781 2763 p.
795 2677 863 2759 47).
907 2677 1047 2763 denique
1068 2698 1179 2741 omnes
1195 2676 1292 2742 etiam

243 2794 379 2860 Achillis
401 2793 499 2860 Statii
522 2804 554 2859 et
576 2795 680 2859 Isaaci
704 2793 807 2858 Vossii
831 2793 969 2877 codices,
990 2794 1023 2859 id
1046 2793 1133 2882 quod
1154 2816 1196 2858 ex
1222 2815 1292 2858 ner·

243 2914 294 2979 bis
316 2934 398 2998 quae
421 2912 461 2976 de
476 2909 682 2997 praenomine
698 2907 817 2974 Catulli
832 2911 865 2975 in
880 2910 1051 2997 prooemiis
1066 2910 1131 2974 suis
1146 2912 1292 2975 fecerunt

242 3030 406 3114 conligere
437 3027 532 3102 licet,
568 3025 785 3113 praenominis
820 3038 899 3092 nota
935 3038 1116 3092 carnerunt.
1180 3036 1292 3093 contra

241 3145 370 3210 codices
389 3143 422 3209 in
437 3143 556 3232 quibus
568 3166 762 3231 praenomen
779 3142 892 3223 Quinti
907 3145 1092 3229 cognomini
1108 3154 1224 3230 poetae
1238 3145 1292 3209 ad·

196 3255 198 3258 ¹
242 3262 345 3326 ditum
378 3269 428 3326 est
455 3260 560 3325 adhuc
590 3273 654 3325 tres
683 3260 751 3325 noti
780 3273 855 3327 sunt
881 3262 1029 3326 Datanus
1059 3259 1292 3326 Riccardianus

244 3375 455 3457 Cuiacianus,
486 3399 546 3441 nec
571 3378 680 3463 plures
702 3401 709 3442 :
733 3378 818 3464 quod
849 3376 919 3442 dico
942 3400 983 3441 ne
1004 3377 1075 3462 quis
1096 3398 1154 3462 per
1175 3376 1293 3441 Palda·

243 3516 331 3560 mum
351 3493 384 3557 in
398 3515 540 3558 errorem
556 3495 735 3575 seducatur,
760 3494 813 3580 qui
829 3494 888 3559 etsi
903 3494 1023 3558 nullius
1036 3493 1108 3559 libri
1125 3493 1167 3573 Q.
1182 3505 1292 3558 notam

244 3611 430 3698 praebentis
456 3621 583 3697 praeter
612 3633 769 3698 eosquos
792 3611 977 3675 enumeraui
999 3610 1148 3676 notitiam
1170 3610 1293 3690 babuit,

243 3739 353 3794 tamen
382 3728 416 3792 in
444 3727 550 3793 libello
580 3727 620 3791 dc
648 3729 737 3814 poesi
765 3728 984 3793 Romanorum
1016 3728 1173 3792 amatoria
1197 3750 1229 3814 p.
1250 3728 1292 3792 24

243 3845 277 3910 in
299 3845 371 3910 aliis
393 3867 523 3932 quoque
552 3844 715 3909 codicibus
741 3844 893 3921 minoris,
926 3855 961 3909 ut
994 3844 1059 3920 ait,
1088 3844 1182 3931 pretii
1213 3842 1292 3908 illud

244 3970 358 4026 extare
378 3971 499 4025 temere
522 3962 673 4026 ariolatus
693 3971 750 4026 cst
793 3961 896 4025 tribus
912 3961 1012 4047 igitur
1026 3959 1086 4024 illis
1101 3960 1292 4025 testimoniis

245 4079 412 4165 quaeritur
434 4089 589 4166 quantum
610 4078 811 4144 auctoritatis
833 4077 918 4143 insit.
961 4088 1058 4163 atque
1079 4078 1235 4164 primum,
1265 4077 1292 4144 si

245 4205 385 4262 aetatem
413 4206 612 4284 spectamus,
644 4194 717 4261 libri
746 4205 811 4262 tros
841 4216 923 4281 quos
950 4194 1092 4261 diximus
1119 4216 1292 4263 enumero
