3342 5200
387 653 418 701 10
649 649 662 697 1
698 649 744 697 DE
763 647 954 699 uournlssvs
973 647 1127 699 curvum

386 813 533 888 uiliores,
561 814 694 900 partim,
723 815 749 877 si
772 836 901 878 sensum
930 815 1191 895 consideramus,
1224 835 1337 899 parum
1362 835 1434 899 pro

386 930 510 995 babilas
548 952 617 994 esse
652 931 831 995 uideantur.
886 954 959 993 nam
995 952 1059 1016 quo
1095 930 1257 994 lubentius
1290 931 1433 993 concedo

385 1068 581 1133 praenomen
608 1048 722 1124 Quinte
750 1071 791 1110 cx
815 1046 930 1111 litteris
950 1048 1009 1132 qui
1026 1058 1053 1109 te
1073 1046 1226 1110 facillima
1246 1056 1279 1111 et
1300 1068 1432 1133 promp-

385 1163 507 1229 tissima
524 1164 709 1228 coniectura
723 1163 848 1227 restitui
862 1184 966 1248 posse,
982 1185 1020 1227 eo
1032 1163 1135 1247 magis
1147 1186 1222 1228 num
1238 1163 1433 1228 uocabulum

385 1282 481 1346 abusa
503 1292 628 1344 mutare
649 1279 743 1344 liceat
763 1280 884 1345 dubito.
927 1279 959 1343 in
982 1280 1147 1343 elementis
1170 1283 1226 1365 qui
1240 1294 1267 1343 te
1280 1281 1432 1344 mendum

387 1398 586 1462 reconditum
609 1418 679 1460 esse
700 1396 905 1461 manifestum
927 1405 985 1477 cst,
1008 1395 1064 1459 sed
1088 1418 1163 1459 nnm
1185 1396 1264 1483 quid
1285 1398 1317 1460 in
1339 1419 1433 1461 noca-

386 1514 462 1578 bulo
485 1519 578 1577 ianua
599 1513 682 1576 inest
712 1513 797 1597 qnod
828 1513 995 1599 displiceat
1024 1534 1129 1598 neque
1157 1511 1230 1578 hnic
1260 1514 1331 1577 loco
1360 1535 1433 1577 con·

385 1628 524 1695 ueniat?
567 1652 626 1693 nec
656 1630 732 1694 uola
760 1650 820 1692 neo
848 1627 1021 1715 uestigium
1051 1628 1151 1693 adest
1194 1629 1292 1693 nihilo
1324 1629 1432 1693 minus

383 1746 429 1811 eis
452 1746 506 1833 qui
530 1747 644 1824 Quinte
666 1746 879 1831 scripserant,
901 1767 941 1809 ne
963 1767 1058 1810 sensu
1081 1769 1194 1810 uersus
1215 1756 1354 1824 careret,
1378 1769 1432 1810 uo-

382 1863 529 1927 cabulum
560 1860 639 1925 illud
666 1863 878 1926 amoucndum
901 1872 933 1925 et
953 1861 1038 1926 aliud
1061 1862 1318 1926 substituendum
1339 1864 1431 1928 fuit:

382 1981 493 2065 itaque
529 2002 569 2043 ex
610 1980 706 2043 ianua
742 1977 893 2064 Scaliger
927 1982 1021 2043 nenia
1056 1980 1282 2043 Lachmannus
1315 1978 1432 2061 fabula

381 2094 606 2160 Froehlichius
628 2096 753 2159 insania
775 2096 932 2159 fecerunt.
975 2095 1059 2158 inter
1089 2117 1169 2181 quas
1197 2096 1365 2173 lectiones,
1395 2107 1433 2159 ut

382 2211 423 2275 de
439 2211 631 2275 Froehlichii
652 2212 782 2275 insanin
801 2221 937 2292 taceam,
959 2209 1119 2295 Scaligem'
1134 2212 1318 2276 coniectura
1333 2215 1431 2276 nense

381 2339 515 2415 propter
542 2327 809 2414 significationem
840 2326 910 2391 loco
939 2326 1122 2393 Catulliauo
1153 2350 1217 2392 non
1250 2350 1429 2414 congruam

381 2444 579 2531 repudianda
599 2457 647 2509 est
668 2466 676 2507 τ
697 2446 872 2530 quodcum
887 2444 1114 2510 Lachmannus
1129 2445 1350 2527 intellexisset,
1373 2469 1433 2510 sna

380 2560 481 2648 ipsius
512 2571 695 2626 correctura
715 2561 831 2646 fabulo
861 2560 968 2626 sensui
996 2560 1058 2626 loci
1088 2562 1216 2648 quidem
1246 2562 1330 2626 bene
1358 2586 1432 2627 con·

381 2678 492 2760 saluit,
521 2677 576 2742 sed
603 2678 718 2743 ductus
748 2677 948 2754 litterarum,
980 2679 1098 2765 quibus
1119 2678 1311 2743 uocabulum
1334 2681 1431 2744 ianua

381 2795 549 2877 scribitur,
577 2816 690 2881 parum
726 2794 862 2859 curauit.
920 2817 1022 2880 quare
1056 2817 1121 2882 quo
1152 2795 1304 2860 maiorem
1332 2795 1430 2860 fidem

381 2911 526 2998 singulae
561 2931 663 2997 paene
704 2909 832 2975 litterae
872 2912 1027 2976 librorum
1072 2912 1229 2976 bonorum
1266 2924 1432 2977 merentur

382 3030 427 3110 (u.
450 3028 583 3115 Hauptii
606 3029 830 3113 quaestionum
852 3026 1107 3094 Catullianarum
1131 3053 1160 3115 p.
1177 3031 1221 3111 9),
1245 3053 1283 3094 eo
1306 3030 1431 3094 cautius

381 3146 421 3211 de
442 3144 669 3231 probabilitate
683 3144 916 3209 emandationis
931 3144 1131 3210 Lachmauni
1151 3146 1430 3217 indicandumeat

380 3263 434 3327 sed
456 3285 498 3326 ne
518 3263 564 3326 sic
584 3261 714 3346 quidem
736 3261 897 3326 restitutio
928 3284 1040 3327 uersus
1065 3261 1148 3326 illius
1176 3263 1220 3327 eis
1242 3264 1297 3348 qni
1322 3265 1432 3341 Quina

382 3379 523 3466 recipere
543 3377 656 3443 uolunt
677 3379 820 3464 perfecta
843 3391 900 3443 est
943 3403 1016 3444 nam
1038 3379 1193 3444 librorum
1215 3383 1269 3443 isti
1288 3381 1340 3444 nel
1361 3385 1432 3446 istis

381 3495 486 3582 ipsum
509 3515 638 3581 quoque
661 3494 884 3559 defensoribus
900 3497 1123 3582 praenominis
1144 3497 1330 3562 mutandum
1354 3509 1432 3561 cst:

381 3630 478 3699 quam
507 3612 550 3676 ob
581 3633 650 3676 rem
671 3611 901 3678 Lachmannus
926 3612 1012 3677 arad
1039 3622 1071 3677 et
1098 3612 1319 3679 Froehlichins
1351 3616 1431 3680 aas

381 3729 585 3816 scripserunt.
629 3728 738 3814 itaquo
761 3752 824 3792 non
848 3728 950 3793 solum
973 3729 1212 3796 emendationes
1227 3752 1307 3816 quas
1322 3753 1431 3796 recen·

381 3848 504 3911 suimus
526 3847 758 3912 uocabulorum
776 3852 872 3912 mnan
893 3858 925 3912 et
945 3849 997 3912 isti
1016 3870 1072 3932 per
1094 3870 1128 3912 se
1149 3857 1313 3934 spectatae
1334 3847 1431 3912 ualde

380 3962 597 4050 inprobabiles
632 3978 725 4047 sunt,
761 3965 817 4029 sed
856 3965 950 4030 etiam
982 3986 1178 4051 praenomen
1215 3965 1329 4042 Qurirte
1364 3975 1430 4029 tam

381 4081 525 4168 speciose
546 4082 747 4160 restitutum,
779 4093 814 4148 ut
835 4093 911 4170 pote
932 4082 1019 4171 qnod
1042 4082 1103 4146 illis
1124 4082 1302 4169 repudiatis
1323 4082 1429 4167 ipsum

381 4199 504 4263 seruari
525 4207 674 4285 nequeat,
696 4200 945 4264 incertissimum
968 4209 1023 4266 est.
