3342 5200
1183 585 1200 620 a

214 661 293 714 XIIII
319 661 366 714 DE
385 660 525 714 MANLIO
543 659 736 726 TORQVATO
754 661 800 714 ΕΤ
818 661 918 714 vmrs
935 653 1186 716 evssvttcvlmm
1213 667 1264 716 w

215 827 295 894 haec
314 827 505 894 adnotauit:
522 827 660 892 Manliae
676 827 727 892 ire‘e
743 825 862 894 Iaiiom
875 851 1013 907 amram,
1027 833 1111 894 oriae
1122 831 1265 916 aperius

214 945 395 1011 celebratam
433 955 477 1008 eet
509 942 757 1028 epithalamium,
792 942 864 1028 foto
897 943 1077 1030 offensam
1107 946 1266 1012 inmaturo

213 1062 327 1142 deflens
352 1063 428 1124 tosti
454 1063 599 1124 momoria
625 1060 858 1124 consolationem
886 1083 908 1124 o
931 1058 1050 1126 Ootaiio
1067 1084 1128 1146 per
1148 1063 1263 1147 eptita-

213 1179 277 1242 lom
306 1177 476 1264 qroem‘nit,
506 1175 688 1262 m'ymflcoas
712 1199 746 1240 se
774 1175 962 1261 infortunato
992 1178 1133 1266 ooaiaqis
1160 1178 1266 1244 Iuliae

205 1291 284 1378 foto
315 1293 531 1369 miserabiliter,
565 1314 745 1378 oppressum
779 1293 925 1358 miseriae
958 1294 1072 1360 solacio
1102 1300 1262 1382 reqm'rere.

214 1408 299 1475 hanc
319 1409 571 1495 explicationem
592 1431 704 1474 uersus
724 1409 745 1473 5
766 1417 799 1473 et
818 1409 840 1474 6
861 1411 983 1498 optime
1003 1419 1135 1477 tuentur
1158 1435 1166 1476 ε

315 1547 402 1612 qoem
424 1548 518 1611 aeque
537 1535 641 1588 sancta
672 1523 768 1589 Venus
790 1524 873 1589 molli
891 1532 1079 1612 requiescere
1100 1551 1204 1592 sorano

364 1644 514 1707 desertam
535 1645 565 1706 ia
586 1643 661 1706 lecto
681 1639 795 1706 caelibe
814 1642 995 1726 perpetitur.

213 1759 246 1826 in
279 1759 328 1824 his
361 1759 465 1826 lectus
498 1758 624 1824 caelebs
651 1757 691 1823 de
718 1757 802 1823 lecto
830 1758 887 1846 qui
914 1759 1033 1848 nuptiis
1060 1762 1264 1829 sternebatur

213 1875 331 1964 geniali
352 1883 427 1963 post
445 1873 592 1961 coniugis
614 1883 750 1939 mortem
772 1874 870 1940 uiduo
891 1876 972 1964 (quo
994 1898 1091 1942 sensu
1111 1879 1208 1942 etiam
1234 1879 1263 1942 is

216 1995 270 2082 qui
292 1991 457 2058 heroidem
478 2013 562 2078 quse
577 1989 688 2057 Ouidii
708 1990 811 2056 fertur
825 2015 880 2058 xm
900 1991 1028 2080 scripsit
1042 1993 1133 2078 (107)
1155 1995 1263 2060 lectam
1312 2072 1314 2075 Ι

215 2109 358 2175 coelibem
379 2119 413 2174 et
426 2107 581 2177 ¹Catullus
601 2108 670 2195 ipse
691 2127 769 2173 var
792 2107 830 2172 21
854 2108 961 2173 orbam
981 2109 1078 2174 cubile
1099 2109 1265 2194 dixerunt)

213 2225 449 2312 intellegendus
471 2245 577 2310 neque
599 2245 672 2289 cum
695 2221 865 2310 Scaligerc
886 2223 1006 2312 Vulpio
1021 2223 1202 2312 Doeringio
1224 2225 1266 2290 de

215 2343 371 2410 amatorio
396 2362 493 2429 quem
514 2351 713 2407 uocauerunt
734 2342 818 2407 lecto
841 2352 942 2429 atque
962 2340 1004 2406 de
1025 2339 1159 2406 discidio
1180 2341 1267 2408 inter

214 2459 371 2525 Manlium
393 2467 426 2523 ct
447 2457 585 2545 puellam
608 2467 749 2525 amatam
771 2467 842 2524 orto
858 2457 1070 2546 explicandus
1084 2469 1144 2524 est
1178 2481 1266 2528 nam-
1343 2460 1354 2478 ⁴

215 2597 279 2667 qne
305 2584 450 2642 nostram
480 2573 780 2662 interpretationem
809 2573 982 2641 adamatus
1008 2574 1162 2662 loquendi
1189 2597 1266 2645 usus

214 2693 357 2781 flagitat,
383 2713 479 2780 quem
501 2691 687 2778 neglectum
708 2700 823 2779 putare
845 2690 925 2757 nihil
947 2693 1053 2779 cogit,
1079 2716 1153 2758 cum
1182 2715 1267 2781 quoe

100 2892 106 2902 Ι
214 2811 353 2898 Vulpius
392 2807 650 2896 interpretationi
683 2808 850 2875 Parthenii
886 2808 1057 2895 opposuit,
1092 2810 1154 2876 etsi
1188 2811 1267 2877 satis

215 2930 301 2994 leuia
331 2936 407 2992 sunt
439 2936 472 2991 et
501 2924 602 2991 multo
634 2924 788 3012 grauiora
819 2926 938 3012 opponi
973 2935 1124 3011 poterant
1151 2928 1268 3013 (ueluti

214 3043 338 3125 Manlii,
361 3043 452 3109 cuius
473 3044 592 3108 lectum
615 3042 770 3109 caelibem
790 3063 861 3108 esse
879 3064 992 3107 uersus
1013 3042 1035 3107 c
1054 3041 1160 3125 docet,
1180 3044 1268 3131 puel·

215 3163 280 3228 lam
309 3169 449 3227 amatam
476 3158 579 3248 ipsam
608 3159 641 3224 in
664 3181 760 3225 uersu
783 3160 845 3225 155
866 3160 933 3224 sr‘tis
953 3158 1060 3243 soleres
1081 3172 1109 3224 ot
1128 3172 1160 3224 ta
1180 3163 1270 3226 sinai

79 3264 80 3279 ¹
216 3290 242 3343 et
263 3290 315 3342 tua
335 3281 400 3341 arto
422 3273 693 3358 commemorari),
717 3296 755 3341 co
778 3276 867 3340 omni
888 3276 1033 3362 pondere
1052 3276 1270 3343 destituantur

215 3394 303 3481 qnod
324 3414 365 3459 ex
389 3393 531 3458 carmine
553 3398 668 3459 vant'
687 3391 797 3479 utique
818 3392 860 3457 ab
881 3393 1024 3459 carmine
1046 3408 1160 3459 nxvur
1179 3414 1270 3479 seps·

79 3550 80 3563 2
216 3509 316 3576 rande
347 3508 402 3594 (ct.
425 3531 522 3597 supra
542 3532 574 3597 p.
599 3508 637 3573 71
661 3517 694 3573 et
715 3508 855 3597 Gruppii
876 3508 994 3578 Minois
1015 3533 1047 3598 p.
1068 3510 1146 3594 503)
1166 3509 1269 3599 petita

215 3636 299 3692 sunt.
332 3624 435 3713 quid?
459 3624 546 3715 quod
561 3626 657 3691 homo
674 3628 729 3715 qui
745 3626 914 3694 discidium
933 3626 1060 3716 puellae
1075 3650 1154 3693 snae
1165 3628 1269 3714 queri·

215 3754 269 3811 tur
295 3743 358 3809 dici
387 3766 452 3809 non
481 3753 588 3832 potest
615 3744 745 3811 fortuna
772 3765 915 3833 casuque
946 3743 1067 3811 acerbo
1097 3764 1269 3832 oppressus

79 3924 80 3929 ,
216 3882 309 3925 esse:
329 3860 427 3926 immo
453 3860 508 3948 qui
530 3882 683 3926 uersuum
708 3861 788 3924 1-4
811 3860 1004 3926 sententiam
1027 3858 1269 3946 examinarent,

213 3998 342 4042 mecum
373 3968 552 4043 consentiet
586 3979 619 4043 in
657 3977 706 4042 his
737 3977 836 4043 fatale
872 3975 994 4063 aliquid
1027 3976 1113 4063 quod
1146 3976 1268 4043 Manlio

79 4082 80 4111 ¹
217 4094 372 4182 obtigerit
399 4093 575 4161 indicatum
604 4114 675 4159 csse
704 4115 763 4160 nec
795 4093 838 4159 dc
865 4094 933 4159 ulla
959 4114 995 4157 re
1021 4093 1083 4159 nisi
1104 4094 1145 4160 de
1165 4102 1270 4159 morte

216 4212 362 4301 coniugis
383 4234 480 4301 posse
504 4211 651 4299 cogitari.
683 4221 887 4277 sustentem
909 4209 969 4275 hi:
