3342 5200
394 674 442 725 198
591 670 668 722 VIIII
702 671 749 721 Du
768 669 924 722 CAESARE
942 670 989 721 ΕΤ
1008 668 1238 722 causamme

391 836 562 903 Mamurra
582 837 698 902 iniuste
711 836 907 923 locupletato
923 835 1049 903 dixerat
1069 836 1103 902 in
1124 836 1187 901 fine
1209 836 1313 902 rediit.
1349 836 1441 902 initio

391 956 542 1021 carminis
571 955 616 1021 ait
647 976 758 1021 omnes
788 955 933 1020 homiues
954 954 1071 1041 probos
1106 953 1236 1020 diuitias
1264 954 1298 1018 in
1331 953 1440 1021 Gallia

390 1081 424 1138 et
451 1071 621 1137 Britannia
648 1082 757 1160 partas
779 1070 964 1137 Mamurrae
991 1072 1150 1154 inuidere,
1179 1081 1216 1136 ut
1247 1081 1323 1158 pote
1355 1093 1438 1158 quas

392 1190 488 1257 istum
524 1190 653 1256 luxuria
686 1190 799 1256 insana
838 1188 1058 1253 confecturum
1101 1211 1172 1254 esse
1220 1209 1331 1254 omnes
1367 1211 1439 1276 pro·

392 1307 534 1374 uideant.
577 1306 695 1373 deinde
721 1306 762 1371 ad
784 1305 974 1393 Pompeium
1003 1317 1036 1371 et
1062 1304 1233 1371 Caesarem
1263 1327 1440 1371 conuersus

392 1426 571 1511 interrogat
617 1446 694 1488 num
741 1433 847 1489 totum
894 1423 1005 1489 orbem
1047 1432 1205 1489 terrarum
1246 1444 1288 1489 ne
1325 1424 1440 1488 ultima

391 1541 520 1629 quidem
553 1540 727 1606 occidentis
757 1540 862 1606 insula
893 1551 1030 1628 excepta
1060 1562 1100 1605 ea
1128 1540 1169 1605 de
1200 1563 1315 1606 caussa
1346 1540 1440 1606 bellis

390 1658 582 1723 uexauerint
609 1679 674 1743 quo
703 1656 900 1723 commodius
922 1657 1088 1723 Mamurra
1112 1657 1232 1724 habeat
1253 1658 1339 1746 quod
1362 1656 1439 1723 dila·

391 1774 490 1863 pidet.
546 1773 733 1840 incredibile
772 1796 850 1840 uero
891 1797 962 1839 esse
1001 1787 1158 1861 quantum
1192 1775 1245 1841 ille
1273 1776 1337 1841 iam
1365 1797 1439 1840 con-

319 1924 321 1932 s
390 1891 570 1978 sumpserit
612 1901 684 1978 post
706 1912 774 1956 rem
796 1889 988 1955 familiarem
1009 1891 1196 1979 dissipatam
1214 1913 1286 1957 eum
1302 1892 1440 1979 praedas

391 2009 559 2075 Ponticam
588 2019 620 2075 et
646 2010 805 2076 Hiberam
838 2012 1073 2096 consumpsisse
1099 2032 1107 2072 :
1134 2032 1220 2074 nuno
1249 2006 1379 2074 Galliae
1407 2018 1440 2074 et

391 2125 578 2192 Britanniae
606 2125 786 2213 expilandis
815 2121 945 2214 operam
976 2126 1062 2191 dare.
1106 2128 1170 2191 iam
1198 2147 1275 2190 uero
1304 2126 1350 2190 ita
1379 2124 1440 2193 Oa·

390 2243 489 2308 tullus
521 2264 649 2308 carmen
682 2242 840 2308 conclusit
868 2253 904 2307 ut
933 2241 1013 2307 duas
1040 2266 1093 2308 res
1121 2265 1201 2331 quas
1229 2242 1262 2307 in
1292 2243 1441 2309 uersibus

391 2360 506 2426 ceteris
538 2362 710 2447 praecipue
741 2369 773 2424 et
793 2359 947 2425 adcurate
979 2369 1166 2447 persecutus
1197 2369 1267 2425 erat
1289 2361 1440 2443 (alteram

391 2478 591 2543 Mamurram
618 2487 750 2564 propter
778 2476 965 2541 effusionem
987 2476 1207 2543 incredibilem
1228 2477 1346 2563 opibus
1367 2499 1441 2565 pos·

391 2593 531 2660 sidendis
552 2593 722 2681 indignum
744 2616 822 2677 esse,
845 2595 980 2660 alt'eram
1000 2594 1041 2659 de
1062 2594 1116 2661 illo
1139 2594 1225 2660 omni
1240 2593 1337 2659 modo
1353 2593 1440 2662 locu·

393 2710 546 2798 pletando
558 2711 745 2799 Pompeium
763 2721 795 2777 et
805 2709 979 2779 Gaesarem
993 2712 1110 2777 iniuste
1124 2721 1157 2777 et
1171 2713 1309 2799 turpiter
1323 2715 1440 2798 agere)

391 2827 424 2892 in
456 2827 603 2892 uersibus
635 2829 760 2894 duobus
792 2829 945 2893 extremis
974 2828 1099 2894 duabus
1131 2828 1441 2915 interrogationibus

392 2944 552 3010 iracundis
580 2944 832 3032 comprehendat.
879 2967 985 3034 neque
1013 2946 1075 3011 hoc
1102 2945 1211 3033 inepte
1238 2946 1315 3012 fecit
1342 2957 1442 3033 poeta

392 3063 479 3150 quod
500 3061 634 3127 alteram
658 3061 952 3149 interrogationum
972 3064 1109 3147 illarum,
1133 3086 1214 3152 quae
1236 3087 1315 3150 prae
1337 3064 1442 3132 altera

391 3179 424 3244 in
460 3179 566 3265 ipsum
595 3178 793 3244 Mamurram
828 3177 994 3264 dirigitur,
1036 3181 1108 3245 loco
1145 3180 1285 3245 secundo
1321 3182 1441 3269 posuit,

391 3297 520 3382 quando
543 3296 672 3384 quidem
693 3305 796 3362 totum
813 3320 941 3363 carmen
958 3298 991 3363 in
1006 3298 1201 3364 Mamurram
1217 3297 1326 3364 dedita
1341 3320 1441 3386 opera

392 3413 540 3478 Catullus
562 3413 697 3500 scripsit,
721 3411 894 3479 Caesarem
917 3423 1023 3479 autem
1039 3423 1072 3479 et
1086 3413 1276 3502 Pompeium
1297 3416 1331 3480 in
1353 3426 1439 3482 tran-

392 3532 456 3595 situ
477 3539 602 3595 tantum
625 3529 743 3617 attigit.
786 3532 831 3597 ita
853 3530 943 3595 uides
966 3555 1094 3597 carmen
1118 3533 1250 3598 exordio
1273 3532 1437 3619 aptissimo

393 3646 440 3711 uti
456 3668 562 3733 neque
577 3658 665 3712 recte
679 3648 915 3714 Mommsenum
930 3671 1043 3714 uersus
1062 3649 1143 3714 duos
1164 3650 1202 3713 21
1227 3659 1260 3715 et
1280 3649 1323 3713 22
1345 3649 1439 3715 simul

393 3788 467 3829 cum
482 3763 605 3829 duobus
621 3765 828 3853 sequentibus
844 3775 917 3852 post
931 3788 1060 3831 uersum
1075 3766 1234 3832 decimum
1253 3767 1437 3833 inseruisse.

393 3904 477 3971 quae
506 3883 589 3947 ratio
621 3893 752 3969 propter
784 3883 845 3947 tria
877 3897 1066 3969 argumenta
1093 3883 1173 3949 falsa
1201 3906 1270 3949 esse
1291 3885 1435 3950 uidetur.

393 3999 530 4086 primum
554 4001 638 4063 enim
660 4000 746 4064 nullo
776 4000 871 4065 modo
903 4001 1043 4088 perspici
1068 4010 1174 4088 potest
1200 4024 1258 4066 cur
1285 4024 1436 4067 uersuum

390 4117 506 4181 horum
533 4139 593 4203 par
619 4116 690 4182 loco
713 4117 815 4183 alieno
837 4142 857 4182 a
878 4099 983 4184 scriba
1003 4117 1098 4204 positi
1119 4117 1183 4183 sint
1203 4141 1211 4182 :
1232 4142 1309 4184 nam
1330 4141 1436 4208 neque

392 4234 425 4299 in
457 4233 546 4300 initio
574 4255 680 4322 neque
707 4235 740 4299 in
768 4235 833 4300 fine
860 4256 1012 4301 uersuum
1041 4236 1169 4302 illorum
1194 4236 1365 4325 quicquam
1388 4247 1436 4303 est
