3342 5200
462 699 500 750 VI
533 700 582 751 DE
599 698 779 753 Auoumvs
796 697 950 752 carnal
1182 703 1234 754 149

180 866 332 932 nentium
360 865 543 953 deperiisse.
586 867 642 933 sed
673 865 892 932 firmissimum
913 877 1142 955 argumentum
1163 868 1242 936 inde

183 985 251 1071 peti
274 983 352 1048 licet
373 983 459 1071 quod
481 1005 609 1049 carmen
623 1007 666 1067 ιι,
689 1006 752 1071 quo
769 983 914 1051 Catullus
929 984 1030 1050 Furio
1052 997 1085 1053 et
1100 987 1238 1052 Aurelio

181 1102 290 1189 turpia
317 1100 374 1166 illa
402 1095 553 1165 mandata
577 1099 717 1166 Lesbiae
748 1122 767 1164 a
794 1123 829 1166 se
858 1100 980 1167 dudum
1008 1102 1157 1168 desertae
1187 1103 1242 1169 de·

181 1217 320 1284 ferenda
349 1216 522 1282 cauillandi
551 1239 665 1282 caussa
693 1216 843 1301 tradidit,
875 1240 941 1284 non
971 1228 1047 1285 ante
1077 1225 1235 1285 aestatem

181 1335 258 1400 anni
273 1335 394 1413 699155
415 1335 569 1423 scriptum
590 1357 661 1401 esse
682 1345 789 1422 potest
811 1336 864 1420 (ci
880 1357 978 1424 supra
997 1360 1028 1424 p.
1046 1335 1132 1420 128).
1169 1357 1235 1401 non

181 1452 320 1520 multum
335 1453 436 1540 igitur
449 1453 517 1519 falli
532 1475 712 1541 possumus,
734 1454 761 1519 si
782 1475 867 1519 anuo
881 1453 998 1531 698156
1012 1455 1066 1520 uel
1087 1454 1235 1542 sequenti

181 1571 327 1637 quentii
348 1592 490 1637 amorem
513 1569 677 1638 Catullum
698 1572 831 1659 petiisse
851 1580 1012 1659 putamus.

268 1687 323 1756 Ab
345 1688 405 1754 bac
420 1690 606 1775 quaestione
620 1691 710 1777 prius
726 1689 893 1756 discedere
907 1711 974 1755 non
988 1711 1120 1776 possum
1135 1711 1231 1777 quam

182 1806 223 1870 de
256 1805 400 1871 carmine
433 1828 501 1870 xxv
532 1805 749 1872 coniecturam
779 1808 942 1896 proposui.
985 1806 1071 1894 quod
1102 1828 1231 1872 carmen

182 1945 248 2011 quo
270 1921 441 1988 obscurius
463 1932 520 2005 est,
544 1945 582 1988 eo
603 1924 728 1990 facilius
750 1926 776 1991 si
798 1947 885 2014 quae
904 1914 1058 1992 audacius
1072 1924 1230 2010 temptaui

178 2040 257 2104 milri
294 2038 506 2105 condonanda
534 2061 605 2106 esse
640 2041 828 2106 censuerim.
873 2040 1020 2108 Catullus
1048 2040 1134 2105 enim
1162 2062 1228 2106 non

180 2158 284 2224 solum
300 2158 335 2221 in
350 2157 546 2222 aemulorum
563 2180 623 2246 par
642 2156 732 2241 illud,
748 2157 882 2224 Furium
900 2167 933 2224 et
947 2157 1125 2239 Aurelium,
1142 2179 1230 2222 acer·

181 2279 240 2343 boa
263 2274 390 2340 iambos
412 2272 546 2358 direxit,
578 2275 632 2342 sed
661 2275 758 2341 etiam
791 2275 895 2361 ipsum
923 2274 1107 2340 quentium
1127 2275 1231 2340 inseo·

178 2402 266 2459 tatus
290 2401 358 2474 est,
391 2413 464 2456 cum
491 2391 532 2457 ab
563 2415 601 2458 eo
631 2392 691 2458 sibi
718 2392 799 2460 istos
827 2392 981 2479 praeferri
1008 2399 1229 2478 cognosceret.

179 2511 211 2575 bi
237 2509 339 2576 iambi
372 2509 511 2575 carmine
531 2532 599 2575 xxv
629 2509 767 2575 Cinaede
800 2510 916 2584 Teate
942 2509 1068 2574 mollior
1092 2509 1234 2574 wuicnlt'

178 2628 295 2713 eupillo
324 2628 538 2693 continentur.
581 2628 669 2716 quod
700 2637 796 2716 poeta
818 2650 857 2692 eo
878 2626 1007 2713 scripsit
1027 2625 1160 2690 consilio
1182 2636 1228 2706 ut,

178 2754 292 2832 postea
325 2763 421 2829 quam
449 2766 469 2807 a
497 2744 647 2809 quentio
681 2765 822 2809 amorem
855 2764 948 2807 suum
976 2739 1165 2828 repudiante
1193 2764 1228 2806 se

179 2859 318 2949 recepit,
347 2882 399 2925 res
428 2882 494 2924 non
521 2860 643 2942 nullas,
676 2882 756 2949 quas
776 2860 947 2926 quentius
969 2859 1009 2925 de
1030 2880 1120 2923 more
1142 2882 1227 2924 scor·

177 2988 285 3043 torum
306 3000 409 3065 rapax
430 2975 580 3059 Catullo,
609 2977 683 3042 dum
706 2976 775 3041 eius
797 2974 1029 3041 consuetudine
1049 2975 1226 3061 fruebatur,

177 3096 399 3183 surripuerat,
431 3095 544 3181 poenis
576 3093 771 3161 terribilibus
804 3092 1003 3159 denuntiatis
1035 3105 1227 3181 reposceret

178 3212 423 3300 conparandum
450 3211 551 3297 igitur
571 3210 633 3276 hoo
654 3212 688 3277 in
709 3211 894 3276 quentium
915 3232 1140 3276 carmennum
1161 3234 1229 3276 ear·

177 3330 264 3396 mine
284 3352 410 3410 xxxxu,
433 3350 498 3416 quo
520 3326 671 3393 aLesbia
692 3352 711 3393 a
733 3348 768 3392 se
782 3327 936 3393 derelicta
950 3328 1123 3415 pugillares
1142 3351 1227 3412 suos,
1296 3410 1300 3415 .

179 3471 260 3537 quos
290 3447 347 3512 ille
373 3444 566 3525 retinuerat,
594 3467 690 3533 qnam
720 3444 1001 3511 uehementissime
1021 3445 1227 3533 efflagitauit.

178 3574 309 3653 praeter
331 3586 460 3629 sensum
480 3562 680 3650 aptissimum
701 3561 763 3629 alia
778 3584 908 3651 quoqne
928 3572 1003 3627 sunt
1017 3563 1135 3650 quibus
1155 3586 1227 3628 nos-

178 3693 227 3750 tra
250 3682 361 3769 opinio
383 3680 536 3745 firmatur.
579 3680 717 3767 primum
738 3702 852 3745 uersus
872 3680 997 3766 priores
1020 3678 1173 3747 carminis

336 3847 468 3913 Cinaede
493 3846 609 3929 tuella
631 3848 746 3913 mollior
768 3848 899 3911 cunicali
916 3849 1030 3933 capello

331 3965 383 4028 uel
402 3960 515 4028 auseis
536 3962 706 4029 medullula
727 3964 780 4028 nel
799 3964 898 4028 imula
919 3964 1062 4028 carnalla

304 4080 385 4185 'uel
399 4102 480 4165 pene
500 4081 644 4169 lonpur'do
666 4084 749 4145 senia
770 4084 888 4166 sintque
909 4103 1057 4146 marcono

79 4278 80 4281 ’
180 4264 212 4329 in
242 4285 381 4352 puerum
412 4262 603 4348 delicatum,
637 4262 741 4352 qualis
771 4263 942 4330 quentius
962 4262 1041 4347 fnit,
1073 4263 1226 4330 adcurate
1271 4240 1274 4247 Ι
