3342 5200
517 623 541 673 V
574 624 623 675 nu
641 620 820 677 mouture
838 622 992 675 CATVIM
1240 624 1275 676 96

227 788 300 855 dius
322 812 398 855 usus
422 800 486 872 est,
512 790 642 855 minime
664 789 880 877 congruebat,
910 789 1025 855 deiude
1050 790 1137 877 quod
1160 788 1276 857 Oioero

227 916 380 971 ornatum
410 904 517 973 clodii
546 929 717 973 recensens
746 906 801 990 (cf.
832 907 864 971 in
888 904 981 973 (llod.
1002 916 1036 971 et
1056 905 1133 972 Cur.
1152 908 1176 972 b
1193 907 1216 971 3
1235 907 1277 973 de

228 1022 362 1109 barnsp.
376 1045 459 1109 resp.
475 1022 515 1086 21
530 1024 587 1107 44)
602 1023 784 1089 uestimenti
807 1023 920 1089 similis
940 1022 1136 1089 mentionem
1156 1023 1275 1089 nullm

226 1138 319 1203 fecit.
362 1138 578 1205 oontrscfiin
597 1137 688 1205 Olod.
707 1140 757 1205 51
776 1152 809 1203 tu
830 1162 902 1204 uero
913 1139 1050 1224 sensim
1066 1152 1097 1203 ts
1110 1142 1233 1227 elopem
1246 1154 1277 1205 tn

227 1257 318 1322 solue
338 1256 490 1332 ardenas,
512 1279 600 1341 quem
615 1259 698 1321 decet
711 1256 869 1321 urulr'ebris
884 1270 1019 1339 omem,
1028 1286 1031 1293 ·
1041 1280 1130 1342 quem
1141 1262 1278 1323 iscam

225 1374 393 1459 postumo,
425 1374 481 1459 qui
506 1374 686 1457 effeminare
716 1375 830 1439 uadum
855 1385 1012 1438 oumuom
1032 1396 1134 1440 uocem
1152 1375 1279 1441 lam

226 1512 343 1573 corpus
358 1502 451 1574 potes.
495 1490 579 1555 unde
595 1488 744 1556 Clodium
768 1490 916 1575 quamuis
936 1489 1103 1556 inberbem
1125 1492 1278 1557 doeemur

225 1617 367 1670 naturae
380 1626 516 1692 corpore
530 1605 727 1690 laeuigsndo
747 1604 953 1671 succurrisse.
986 1607 1094 1671 omniu
1108 1608 1136 1672 si
1150 1629 1275 1673 mecum

224 1731 344 1811 reputo
365 1723 503 1809 primum
526 1721 676 1789 Clodium
705 1722 824 1787 scurris
853 1722 1090 1810 locupletibus,
1124 1734 1160 1789 ut
1187 1724 1277 1791 Cioe

225 1839 316 1903 ronis
349 1839 459 1904 uerbis
490 1849 579 1918 utar,
614 1849 804 1925 exoptatum
835 1837 934 1904 fnisse
967 1861 1032 1927 quo
1061 1841 1101 1905 ad
1126 1839 1277 1906 libidines

224 1965 339 2041 turpes
360 1954 523 2019 satiandas
544 1953 769 2035 abuterentur,
801 1953 920 2021 deinde
939 1954 1046 2042 ipsum
1066 1965 1278 2023 scortatorem

224 2068 498 2137 nobilissimarum
520 2070 712 2163 feminarum
742 2070 850 2157 gratia
870 2070 1017 2137 floruisse
1024 2119 1034 2154 ,
1069 2082 1137 2137 turn
1167 2095 1276 2159 quam-

225 2210 327 2276 quam
348 2186 555 2253 tricenarium
576 2198 685 2253 tamen
713 2188 811 2251 ctiam
839 2197 908 2252 tum
936 2187 1020 2253 faeie
1045 2197 1111 2253 tarn
1142 2189 1275 2254 iuuenili

226 2305 282 2389 (cd
304 2304 345 2370 ad
367 2304 513 2369 Atticum
534 2330 543 2370 ι
566 2304 605 2369 16
630 2306 669 2369 10
687 2304 835 2389 petrellae
863 2327 962 2390 puer
982 2306 1093 2390 sape)
1120 2316 1154 2371 ct
1182 2307 1277 2393 quasi

225 2422 361 2510 uigente
387 2444 480 2487 usum
509 2421 608 2487 fuisse
636 2431 672 2486 ut
700 2443 758 2509 pro
780 2422 920 2488 feminea
942 2423 1109 2487 uenditare
1130 2423 1275 2506 auderet,

225 2540 388 2628 denique,
419 2548 456 2605 ut
483 2538 586 2626 magis
613 2560 731 2604 arcane
752 2549 784 2605 et
805 2538 905 2606 dubis
925 2540 1099 2628 attingam,
1131 2562 1275 2607 sororem

225 2658 466 2746 pulcerrimum,
488 2677 584 2742 quam
607 2654 756 2723 Catullus
777 2657 907 2723 nomine
927 2657 1067 2723 Lesbiae
1087 2659 1274 2741 celebrauit,

226 2776 388 2861 cuiusque
427 2782 459 2836 et
497 2773 597 2859 ipsius
635 2783 787 2839 uenustas
829 2795 887 2860 per
925 2773 1112 2840 diuturnum
1148 2785 1275 2863 tempus

226 2890 382 2973 durabat,
414 2889 566 2955 babuisse
601 2889 768 2972 Clodium,
800 2891 906 2956 fecere
941 2911 1007 2955 non
1036 2913 1166 2978 possum
1197 2891 1275 2978 quin

219 3009 358 3076 Mureto
380 3017 413 3073 et
426 3007 574 3074 Manutio
591 3007 629 3074 P.
645 3005 792 3074 Clodium
814 3006 928 3093 pulcra
945 3006 1050 3072 forma
1070 3008 1164 3074 faciei
1177 3008 1275 3074 fuisse

225 3123 446 3192 iudicantibus
465 3125 631 3212 astipuler.
675 3123 769 3188 simul
792 3132 901 3190 autem
923 3146 989 3189 non
1002 3125 1191 3211 negauerim
1206 3125 1275 3190 eius

226 3241 479 3330 pulcritudinem
507 3242 625 3308 sensim
654 3250 687 3306 et
713 3239 942 3326 pedetemptim
973 3240 1142 3307 libidinum
1164 3263 1277 3310 caussa

226 3359 262 3424 in
284 3360 375 3424 omni
396 3358 646 3447 intemperantia
667 3357 851 3433 effusarum,
870 3357 989 3444 quibus
1011 3355 1146 3424 Clodius
1167 3380 1203 3423 se
1223 3357 1275 3424 de

226 3475 347 3560 debat,
381 3475 555 3541 euanuisse
574 3486 606 3540 et
627 3475 696 3540 eius
719 3476 825 3540 locum
847 3473 1086 3540 deformitatem
1105 3472 1212 3557 illem,
1239 3484 1277 3540 ut

226 3593 274 3660 ira
296 3591 409 3674 dicam,
432 3591 619 3677 languidam
640 3601 673 3657 st
693 3590 796 3656 macie
817 3590 983 3672 torridam,
1008 3589 1111 3678 qualis
1132 3591 1277 3672 homines

226 3708 421 3778 libidinosos
441 3719 547 3776 setae
567 3708 763 3795 procedente
785 3707 942 3774 inuadere
961 3707 1058 3790 solet,
1090 3707 1276 3773 obtinuisse

228 3827 320 3892 cuius
340 3827 389 3892 rei
410 3825 531 3912 sliquid
546 3825 727 3911 fragmento
742 3825 797 3890 26
815 3823 1079 3911 interrogationis
1099 3824 1277 3890 indicatum

158 3933 161 3944 ⁵
228 3963 300 4010 esse
328 3943 432 4030 possit
460 3965 557 4031 quam
585 3943 625 4007 de
654 3963 729 4008 aere
761 3942 867 4006 alieno
897 3940 1026 4007 Milonis
1048 3939 1164 4007 Oieero
1184 3943 1217 4006 in
1238 3941 1275 4007 P.

229 4059 379 4128 Clodium
409 4061 468 4124 sub
496 4058 592 4125 finem
623 4057 698 4124 anni
730 4058 847 4134 701l53
874 4057 979 4144 paullo
1009 4068 1085 4123 ante
1106 4079 1204 4144 quam
1226 4059 1277 4122 bic

227 4181 269 4244 ab
292 4177 348 4244 illo
369 4177 558 4244 interfectus
574 4186 633 4258 est,
655 4174 776 4240 habuit.
819 4175 866 4240 ite
888 4175 1019 4240 enimin
1036 4173 1188 4242 Clodium
1208 4186 1275 4240 turn
