3342 5200
545 1195 615 1231 anno
622 1177 718 1242 696l58
726 1178 758 1230 G.
765 1177 1046 1230 MemmiuaGemellus
1053 1184 1160 1244 praetor
1166 1179 1290 1231 urbanus
1297 1180 1353 1230 tuit

325 1288 358 1339 80
409 1284 505 1349 697167
545 1282 625 1334 huius
643 1282 707 1333 anni
724 1281 801 1332 initio
820 1280 927 1333 Caelius
946 1280 1066 1332 Clodiam
1084 1281 1138 1329 ism
1157 1280 1325 1332 deseruerat

545 1384 608 1420 uere
624 1367 705 1418 huius
723 1368 787 1417 anni
803 1365 923 1416 Catullus
941 1366 968 1415 in
987 1366 1101 1415 llemmii
1125 1366 1239 1415 cohorte
1263 1367 1292 1416 in
1311 1368 1352 1417 Bi-

614 1453 733 1521 thyniam
751 1452 885 1517 proleotus
903 1457 951 1512 est,
972 1452 1034 1501 item
1052 1452 1083 1501 G.
1102 1451 1220 1501 Heluius
1241 1451 1336 1503 Cinna

546 1555 641 1609 Clodia
657 1555 807 1607 Atratinum
825 1555 854 1603 in
871 1552 962 1604 Coelio
979 1553 1048 1604 Rufo
1066 1554 1221 1603 aoousando
1241 1555 1351 1607 adiuuit

615 1641 708 1694 Cicero
730 1638 847 1690 Caelium
872 1638 986 1691 defendit
1003 1656 1010 1687 z
1028 1654 1157 1688 xxxxviiii
1175 1639 1353 1693 Disertissime

615 1728 652 1790 (u.
670 1724 703 1777 ad
722 1740 781 1775 sun.
799 1725 869 1792 689).

546 1812 668 1865 Catullus
685 1817 745 1877 post
763 1825 875 1861 uernum
892 1810 1088 1875 aequinoctium
1105 1826 1138 1860 ex
1148 1810 1277 1877 Bithynia
1294 1828 1352 1877 pro·

613 1899 731 1949 fecturus
750 1898 857 1963 aoripsit
874 1912 975 1947 mm
991 1894 1048 1946 lom
1064 1914 1110 1947 eser
1127 1896 1244 1963 epelidoa.

545 1986 574 2036 iu
592 1984 679 2036 reditu
701 1983 789 2035 fratris
813 1982 883 2048 apud
904 1982 1050 2033 Rhoeteum
1074 1985 1288 2048 promunturium
1313 1991 1352 2034 tu·

614 2070 717 2121 mulum
734 2068 798 2120 uisit
816 2084 822 2117 ι
844 2082 869 2117 oi
888 2069 983 2122 Μαι
997 2086 1044 2137 per
1059 2077 1148 2136 penta

544 2158 629 2224 primo
654 2154 824 2224 paeninsulae
843 2154 984 2206 Sirmiouis
1008 2160 1034 2204 et
1056 2155 1129 2205 lacus
1147 2155 1248 2204 Benaoi
1275 2168 1353 2206 oona·

613 2247 693 2309 peotu
723 2240 826 2291 laetitia
853 2255 950 2306 magna
978 2247 1124 2290 commotus
1150 2240 1258 2304 scripsit
1284 2258 1353 2291 xxxi

615 2326 695 2380 Paene
711 2327 853 2379 ἰηιιιὶανιιηι
871 2325 974 2377 Sirmio.

545 2429 642 2464 nauem
659 2428 713 2480 qua
729 2414 779 2463 iter
791 2412 952 2463 maritimum
971 2411 1070 2462 leoerst
1085 2409 1188 2461 Castori
1202 2418 1230 2461 et
1245 2410 1352 2463 Polluoi

614 2497 746 2550 dedicauit
764 2513 770 2546 ι
788 2514 828 2547 uu
846 2495 967 2550 Pieoeles
984 2496 1034 2549 ille.

544 2586 644 2637 Romae
672 2583 705 2636 de
734 2582 827 2634 itinere
853 2582 995 2650 Bithynioo
1030 2584 1207 2650 interrogatus
1243 2583 1353 2650 scripsit

614 2687 632 2721 x
654 2670 736 2722 Varus
754 2686 793 2720 me
810 2686 886 2721 messa.

545 2759 578 2809 ad
596 2756 714 2809 Coelium
737 2755 834 2806 Rufum
853 2755 916 2805 olim
938 2754 1069 2806 semulum
1093 2769 1170 2804 suum
1192 2768 1258 2805 ivm
1276 2754 1352 2808 Caeli

613 2842 706 2896 terte
722 2851 819 2896 nostro.

544 2928 663 2981 Catullus
682 2928 832 2979 quentium
845 2927 945 2978 emeuit
963 2926 1066 2977 s'xxuu
1086 2926 1166 2993 Oqot
1181 2928 1308 2994 flosculus
1325 2947 1352 2982 ea

613 3029 734 3065 xxxxvm
751 3013 861 3066 Mellitos
885 3013 972 3065 oeulos
993 3029 1076 3063 mxi
1094 3007 1203 3064 Nemone
1228 3016 1257 3064 its
1278 3025 1350 3068 tanto

613 3115 763 3151 uxxxxvuu
771 3101 893 3169 Surripui
903 3115 959 3150 xxv
969 3100 1078 3152 Cinaede
1089 3099 1181 3150 Thalle.
1199 3100 1228 3149 in
1237 3101 1350 3152 Furium

613 3192 640 3236 et
662 3185 801 3237 Aurelium
828 3186 946 3237 aemulos
970 3186 999 3235 in
1021 3187 1138 3236 quentii
1164 3201 1255 3236 amore
1283 3202 1349 3239 suos

613 3277 691 3338 poeto
708 3271 814 3337 scripsit
830 3286 867 3322 xv
882 3271 1028 3324 Commendo
1045 3273 1089 3323 tili
1105 3287 1152 3322 xvi
1162 3269 1283 3324 Pedicabo
1300 3289 1350 3324 xxi

613 3357 705 3409 Aureli
713 3366 786 3426 poter
800 3372 866 3407 xnn
876 3358 944 3408 Furi
959 3359 1161 3425 osaneqmm
1170 3357 1236 3409 Feri
1244 3359 1349 3411 villula.

545 3443 623 3494 huius
648 3443 691 3494 uel
712 3444 847 3509 sequentis
867 3443 931 3494 anui
949 3442 1132 3495 Saturnalibus
1150 3443 1269 3495 Catullus
1286 3461 1348 3496 xuu

613 3528 648 3580 lli
664 3538 687 3581 te
702 3529 761 3598 pltat
779 3529 861 3582 oeulis
878 3528 987 3594 scripsit

324 3631 356 3681 82
408 3635 504 3700 sessos
544 3631 685 3697 Pompeius
711 3637 738 3681 et
762 3631 874 3684 crassus
898 3632 992 3681 iterum
1019 3631 1152 3681 eonsules.
1193 3632 1291 3683 Caesar
1319 3637 1348 3685 in

612 3716 700 3769 Gellia
717 3715 835 3767 bellauit.
863 3717 974 3768 Crassus
988 3723 1016 3767 et
1022 3716 1150 3768 Gabinius
1165 3718 1347 3783 expeditiones

613 3804 641 3852 in
659 3803 762 3868 Syriam
781 3808 808 3853 et
823 3801 974 3869 Aegyptum
992 3809 1157 3870 parauerunt.

545 3888 664 3939 Catullus
683 3887 823 3940 Caesarem
841 3887 1000 3940 earminibus
1013 3886 1115 3941 aoerbis
1125 3888 1232 3956 adgredi
1242 3892 1348 3954 coepit:

614 3990 735 4025 uxxmu
753 3973 797 4026 Nil
813 3976 920 4027 nimietas
933 3975 1026 4029 studeo.
1056 3976 1085 4025 in
1103 3975 1240 4026 Caesarem
1253 3977 1348 4028 etlls-

613 4076 729 4114 murram
755 4075 809 4112 usu
832 4059 921 4114 Pslere
943 4063 1071 4114 consessit.
1106 4062 1133 4112 in
1152 4062 1294 4114 caesarem
1321 4070 1348 4114 at

611 4146 742 4199 Fuficium
763 4163 819 4200 uisu
839 4149 942 4201 ottone
959 4159 1037 4218 eaput
1053 4148 1142 4218 oppido
1159 4148 1288 4218 perithon.
