3342 5200
472 632 495 682 V
530 634 578 685 DE
595 634 772 687 AMOsslnvs
791 634 945 687 curvum
1204 638 1252 688 lou

200 800 406 887 perspicitur.
450 810 563 886 stupra
590 799 714 865 incesta
746 822 884 889 quorum
905 802 938 867 in
960 802 1102 867 carmine
1125 821 1253 866 nxxxiu

199 917 322 983 mentio
356 916 393 983 fit
422 916 619 982 carminibus
648 926 799 1004 quattuor
825 918 1010 983 adcuratius
1030 918 1253 986 inlustrantur.

201 1034 242 1098 de
269 1036 396 1100 incestu
425 1034 509 1099 enim
538 1032 657 1121 triplici
699 1056 795 1122 quem
836 1032 963 1100 Gellius
993 1058 1066 1101 cum
1092 1046 1195 1101 matre
1222 1046 1255 1100 et

202 1174 277 1216 cum
307 1172 418 1215 sorore
451 1172 606 1237 germana
635 1160 668 1216 et
695 1173 767 1215 cum
789 1152 894 1237 patrui
918 1152 1050 1217 muliere
1078 1152 1157 1219 fecit
1187 1175 1254 1217 car·

202 1269 290 1333 mina
311 1278 385 1333 sunt
406 1286 554 1333 uxxxvur
589 1266 676 1345 Quid
696 1266 777 1349 facit
796 1267 843 1347 is,
873 1267 972 1349 Gelli,
994 1269 1053 1354 qui
1069 1292 1137 1333 cum
1159 1281 1255 1332 matrs

202 1399 294 1472 atquc
316 1407 420 1449 sorore
442 1394 475 1449 et
489 1403 646 1448 Lxxxvnu
664 1384 784 1449 Gellius
806 1396 851 1447 cst
870 1386 977 1449 tenum.
1020 1386 1183 1471 quidni?
1203 1387 1259 1449 cai

202 1516 263 1567 tam
287 1502 369 1566 bona
389 1512 492 1564 muter.
536 1499 637 1565 solum
652 1499 810 1565 incestum
832 1522 904 1564 cum
925 1510 1028 1565 matre
1049 1499 1255 1565 commissum

202 1628 301 1705 poeta
322 1616 463 1682 carmine
481 1636 596 1683 Lxxxx
617 1616 773 1681 Nascatur
795 1640 904 1705 maqus
924 1641 965 1681 ea
987 1618 1074 1682 Gelli
1088 1623 1256 1703 matrisque

169 1752 173 1756 ·
201 1734 343 1820 affunde
364 1734 520 1819 exagitat,
542 1742 654 1799 contra
675 1734 778 1799 sulum
801 1756 873 1799 cum
887 1734 996 1821 patrui
1017 1755 1119 1799 uxore
1132 1733 1255 1799 factum

200 1850 362 1939 flagitium
385 1850 525 1916 carmine
548 1869 659 1914 nxxuu
683 1850 807 1915 Gellius
827 1850 971 1915 madierat
986 1862 1135 1934 patmum
1155 1852 1255 1915 ababa

198 1992 277 2055 parc
298 1968 396 2033 solere
411 1936 656 2054 perstringitur.
700 1966 841 2053 denique
862 1988 904 2030 nc
926 1966 1003 2054 quid
1024 1966 1138 2052 flagitii
1160 1967 1253 2048 desit,

202 2084 353 2152 Catullus
374 2084 516 2149 carmine
537 2102 630 2148 Lxxx
656 2082 741 2161 Quid
759 2084 883 2166 dicam,
915 2084 1016 2165 Gelli,
1047 2106 1255 2169 quaterem

200 2203 265 2265 abta
285 2200 396 2265 labella
419 2198 515 2265 Gellii
544 2197 716 2263 nefandam
744 2198 877 2264 fellandi
909 2200 1076 2265 libidinem
1105 2200 1255 2285 castigat.

286 2317 359 2381 Iam
382 2315 408 2380 si
430 2338 448 2379 e
470 2313 602 2397 Galliis,
635 2314 676 2379 de
707 2316 825 2401 quibus
843 2290 1018 2403 scriptores
1039 2325 1167 2381 ueteres
1188 2338 1254 2380 nun

199 2434 289 2497 nulla
311 2434 516 2515 rettulerunt,
538 2454 612 2497 eum
627 2432 748 2517 eligere
764 2432 931 2498 studemus
945 2434 977 2497 in
993 2454 1089 2519 quem
1107 2430 1255 2500 Catullus

200 2550 348 2615 carmina
369 2559 493 2636 septem
514 2549 593 2614 haec
614 2548 795 2637 scripserit,
829 2549 894 2614 dno
925 2547 1024 2616 Gellii
1055 2549 1148 2616 nobis
1181 2551 1258 2616 uffe-

84 2711 85 2762 l
201 2677 328 2750 runtur,
351 2666 391 2732 de
407 2689 545 2754 quorum
560 2675 698 2753 utroque
713 2665 851 2751 cogitari
865 2676 972 2753 potest
993 2676 1026 2732 et
1045 2667 1109 2731 iam
1134 2666 1254 2732 dudum

201 2808 221 2850 a
242 2783 323 2848 uiris
345 2783 448 2850 doctis
468 2782 648 2868 cogitatum
669 2792 725 2848 est
770 2783 869 2850 Gellii
883 2794 996 2849 contra
1011 2807 1129 2850 numen
1146 2784 1256 2851 fictum

84 2927 85 2986 p
203 2927 273 2967 esse
294 2924 355 2989 pro
378 2923 456 2967 uero
478 2899 586 2989 aliquo
608 2899 818 2966 substitutum
844 2899 922 2964 nihil
943 2923 1074 2988 prorsus
1096 2912 1145 2965 est
1167 2901 1256 2987 quod

84 3009 85 3014 ἵ
202 3019 322 3106 probet
341 3039 448 3104 neque
475 3016 536 3081 hoc
562 3039 715 3104 umquam
737 3015 909 3103 quisquam
932 3016 1018 3104 quod
1041 3019 1140 3082 sciam
1162 3017 1257 3082 adfir-

203 3135 317 3200 mauit.
369 3157 442 3199 nam
475 3154 560 3220 quae
591 3132 810 3198 Bernhardius
844 3132 878 3198 in
914 3133 1048 3198 historia
1077 3134 1256 3198 litterarum

202 3253 426 3317 Romanarum
448 3273 478 3337 p.
500 3250 629 3315 514'ait
650 3249 796 3336 Lipsium
822 3248 985 3314 uariarum
1008 3249 1183 3314 lectionum
1206 3273 1214 3313 ι
1237 3251 1258 3313 5

203 3368 348 3436 Gellium
371 3366 517 3432 docuisse
539 3391 558 3432 a
581 3365 709 3432 Catullo
740 3389 799 3454 pro
822 3366 936 3432 Clodiu
959 3367 1161 3432 nominatum
1187 3388 1258 3430 esse

201 3486 377 3552 falsissima
398 3493 482 3564 sunt,
504 3506 578 3549 uum
599 3484 727 3571 Lipsius
749 3484 802 3549 illo
825 3484 895 3549 loco
917 3506 981 3548 non
997 3494 1064 3548 tam
1082 3483 1123 3547 de
1139 3483 1257 3560 Gellio,

202 3625 299 3690 quam
324 3601 366 3666 de
387 3600 507 3666 Lesbio
530 3624 568 3666 ea
590 3601 708 3666 dixerit
731 3623 815 3688 quae
837 3623 936 3687 supra
956 3622 987 3685 p.
1003 3600 1044 3665 89
1064 3600 1258 3665 rettulimus.

203 3719 387 3786 Galliarum
411 3718 510 3804 igitur
531 3719 614 3783 alter
630 3717 756 3784 Gellius
771 3717 939 3783 Poblieola
959 3726 1009 3782 est
1030 3718 1093 3799 ille,
1114 3718 1146 3782 in
1165 3740 1260 3805 quem

203 3835 322 3904 Cicero
353 3858 424 3900 cum
453 3833 523 3899 aliis
552 3834 628 3900 loeis
659 3843 728 3899 tum
758 3835 792 3898 in
815 3832 966 3900 Sestiana
987 3834 1192 3899 acerbissime
1214 3835 1260 3898 in·

203 3964 319 4019 uectus
342 3961 399 4017 est.
442 3951 526 4015 hunc
548 3975 567 4016 a
590 3949 720 4018 Catullo
747 3973 877 4038 quoque
902 3949 1097 4014 carminibus
1126 3951 1187 4015 illis
1208 3974 1262 4016 nu·

202 4080 310 4137 tatum
345 4090 416 4134 esse
439 4077 512 4156 post
534 4069 714 4133 Antonium
736 4067 948 4132 Parthenium
970 4067 1118 4133 Muretus
1139 4069 1263 4132 Turne-

202 4191 263 4254 bus
294 4186 475 4274 (aduersar.
499 4208 552 4250 xxr
578 4184 630 4272 ll)
660 4183 784 4250 Statius
816 4184 980 4250 Manutius
1009 4184 1147 4274 Vulpius
1178 4185 1263 4249 Dru-
