3342 5200
482 587 520 639 Vl
558 586 608 638 DE
623 585 801 640 AMORlBVb
820 585 975 640 clevum
1210 587 1258 640 187

214 754 365 843 quicum
397 752 559 820 dubitaret
585 776 663 820 num
685 751 832 820 Catullus
857 753 994 831 in,libro
1015 752 1144 842 quelem
1163 753 1260 822 habe

211 895 285 939 mus
306 871 462 938 multos,
477 892 602 938 amores
623 881 752 960 praeter
774 869 914 938 Lesbiae
936 892 1079 937 amorem
1099 872 1261 958 uulgaret,

213 988 371 1056 Ouidium
391 988 434 1054 ad
456 988 600 1056 earmina
627 967 783 1056 amatoria
808 997 924 1077 poetae
945 987 1143 1054 Veronensis
1163 987 1261 1055 hodie

212 1107 334 1174 amissa
361 1104 540 1195 respexisse
568 1105 714 1172 coniecit
758 1104 816 1170 sed
845 1104 922 1170 dum
948 1105 1044 1172 modo
1072 1127 1185 1172 uersus
1206 1105 1261 1172 ille

213 1225 250 1290 ἐπ
276 1225 386 1312 qrsrbus
413 1223 484 1310 ipse
504 1245 595 1290 suum
614 1221 733 1310 fassus
753 1222 968 1288 adulterusmst
987 1230 1076 1289 recte
1094 1220 1261 1310 intellege·

213 1351 285 1426 tur,
319 1340 434 1408 Ouidii
453 1342 555 1408 uerba
575 1361 618 1406 ex
639 1339 686 1408 eis
708 1337 828 1407 Catulli
850 1337 1046 1408 carminibus
1068 1361 1153 1429 quae
1173 1363 1261 1406 man·

212 1467 326 1526 serunt
353 1458 431 1524 satie
461 1456 627 1525 commode
648 1456 802 1546 explicari
822 1465 968 1543 possunt.
1009 1480 1085 1524 nam
1105 1479 1179 1524 cum
1199 1453 1260 1524 Ca-

96 1589 97 1592 ’
213 1576 287 1643 tulli
308 1575 452 1642 carmine
474 1573 632 1642 amatoria
659 1574 700 1642 ed
720 1573 915 1662 Ipsitbillam
944 1574 986 1640 ad
1012 1574 1198 1640 Ametinum
1219 1573 1261 1640 ed

213 1691 402 1758 Aufilenam
422 1690 465 1757 ad
484 1691 671 1759 quentium
691 1691 811 1780 scripta
831 1691 926 1759 nobis
947 1700 1076 1758 seruuta
1094 1690 1175 1774 sint,
1194 1714 1261 1758 non

214 1821 264 1878 est
292 1809 382 1896 quod
410 1809 452 1874 ad
477 1807 595 1874 amissa
621 1808 765 1876 carmina
790 1807 912 1877 Catulli
941 1831 1164 1895 prouocemus.
1206 1807 1262 1876 ad·

213 1927 367 1996 alterium
386 1948 465 1993 uero
488 1926 652 2008 Catullus,
680 1935 718 1994 ut
739 1948 780 1992 ex
802 1925 915 1994 Ouidii
934 1936 1043 1993 mente
1062 1928 1195 2016 loquar,
1222 1948 1262 1992 eo

213 2044 390 2127 commisit,
424 2043 531 2133 quod,
563 2066 637 2110 cum
657 2044 809 2112 Lesbiam
836 2053 976 2126 amaret,
1008 2044 1142 2110 abarum
1164 2043 1261 2110 etiam
1351 2037 1354 2041 ’

213 2163 409 2229 feminarum
429 2183 539 2227 amore
560 2185 637 2229 usus
658 2173 717 2230 est.
760 2185 835 2229 nem
855 2162 985 2247 Lesbia,
1005 2184 1080 2228 cum
1096 2185 1116 2228 a
1132 2159 1261 2229 Catullo

213 2302 294 2369 prae
324 2280 438 2346 ceteris
459 2277 586 2344 feminis
607 2277 761 2346 eximium
782 2279 817 2344 in
837 2277 969 2346 modum
990 2279 1151 2345 celebrata
1171 2301 1261 2368 prae

214 2397 311 2486 cipue
333 2397 401 2464 eius
422 2399 526 2463 amica
546 2395 719 2462 haberetur
740 2396 788 2481 (id
810 2397 897 2484 quod
918 2418 961 2464 ex
974 2396 1054 2463 loeis
1068 2396 1262 2485 scriptorum

95 2501 96 2518 i
215 2538 299 2607 ‘1¹¹⁰ss
320 2537 351 2605 P·
370 2515 412 2581 53
434 2515 580 2602 congessi
602 2514 809 2580 manifestum
830 2514 909 2600 est),
932 2513 1051 2581 Ouidio
1074 2513 1166 2604 quasi
1185 2512 1262 2603 legi-

213 2634 305 2716 timi,
335 2642 374 2699 ut
403 2634 449 2699 ita
479 2632 602 2717 dicam,
638 2654 763 2699 amores
790 2632 989 2699 Veronensis
1017 2641 1133 2721 poetae
1163 2632 1262 2699 fuisse

164 2730 167 2736 ¹
215 2753 398 2819 uidebatur.
441 2759 583 2817 ceterum
604 2749 662 2816 uix
682 2758 730 2817 est
752 2750 839 2839 quod
861 2750 1015 2818 Ouidium
1036 2772 1263 2818 commemorer

213 2892 295 2953 mue,
317 2892 391 2936 cum
413 2868 454 2935 de
475 2867 631 2935 adulterio
653 2868 826 2952 scriberet,
848 2876 996 2956 tempora
1017 2868 1135 2956 quibus
1155 2868 1262 2955 singu·

213 2989 319 3054 larum
340 2986 532 3055 femmarum
553 3007 694 3052 amorem
710 2984 858 3053 Catullus
879 2986 972 3074 petiit
993 2994 1026 3051 et
1047 3006 1159 3053 eorum
1180 2984 1261 3051 ordi-

213 3128 286 3171 nem
317 3105 499 3193 neglexisse
527 3113 624 3191 atque
654 3104 694 3170 de
722 3102 851 3171 Catullo
872 3102 953 3170 falsa
973 3102 1144 3169 rettulisse.
1186 3125 1262 3168 nam

97 3290 99 3311 ,
214 3222 363 3291 Catullus
395 3244 570 3309 numquam
592 3220 667 3305 (hoe
689 3220 887 3288 confidenter
908 3221 974 3304 aio)
996 3243 1060 3286 uno
1083 3219 1262 3309 eodemque

213 3352 361 3428 tempore
390 3360 530 3407 amorem
561 3339 697 3405 duarum
718 3337 838 3406 nedum
860 3338 1059 3428 conplurium
1081 3338 1261 3429 puellarum

215 3458 392 3546 quaesiuit,
419 3455 453 3521 id
475 3457 562 3546 quod
589 3479 607 3522 e
636 3457 915 3544 disquisitionibus
942 3457 1060 3523 uostris
1086 3480 1172 3546 quae
1197 3457 1262 3523 iam

215 3584 370 3642 secuntur
390 3574 568 3641 luculenter
590 3574 765 3663 adparebit

299 3693 352 3759 Ex
377 3692 526 3759 uersibus
554 3692 655 3781 igitur
680 3715 760 3782 quos
782 3694 993 3781 excripsimus
1014 3694 1165 3761 carminis
1185 3690 1262 3761 duo·

215 3810 488 3899 deseptuagesimi
513 3810 685 3877 Catulliani
719 3819 860 3899 poetam,
877 3811 1083 3898 cognoscitur
1113 3810 1188 3877 iude
1219 3809 1260 3877 ab

215 3926 433 3996 adulescentia
454 3928 585 3994 ineunte
601 3930 700 4014 (anno
716 3928 802 3994 enim
817 3928 932 3996 aetatis
945 3929 1013 3995 fere
1026 3936 1120 4028 sexto
1135 3928 1260 3996 decimo

100 4134 101 4147 χ
213 4058 327 4136 togam
357 4044 484 4112 uirilem
512 4046 604 4136 pueri
630 4048 797 4114 adsumere
825 4047 987 4132 solebant)
1016 4046 1180 4115 amoribus
1207 4070 1260 4113 aa·

214 4186 313 4233 casse.
357 4173 527 4255 practerea
557 4187 600 4232 ex
631 4165 677 4231 eis
709 4187 792 4257 quae
824 4164 866 4231 de
892 4173 1037 4255 tempore
1070 4186 1135 4257 quo
1165 4174 1261 4256 poete
