3342 5200
222 651 303 705 XIIII
334 653 383 704 Du
400 651 537 706 namo
555 651 747 726 TORQVA'PO
765 651 811 704 ll'l'
828 649 929 704 vmu
948 650 1193 705 arevacum
1221 651 1276 705 eto·

222 821 329 907 magis
355 811 532 885 uereddum
558 818 673 885 fuisset
697 820 773 885 noui
796 841 933 907 sponsae
954 819 1091 905 gentiles
1111 841 1153 884 ne
1174 840 1274 907 aegre

222 937 345 1004 lement
375 935 462 1023 quod
490 947 588 1023 poeta
613 959 705 1002 suam
731 945 860 1024 gentem
891 936 982 1024 genti
1003 937 1034 1001 ei
1054 959 1098 1002 ex
1125 959 1190 1023 qua
1219 936 1274 1002 illa

223 1053 397 1141 adoptione
434 1053 648 1132 discessisset,
685 1053 910 1141 posthabuisse
943 1054 1115 1120 uideretur.
1151 1092 1189 1104 -
1221 1054 1275 1119 Do

127 1197 133 1208 ·
223 1170 336 1258 sponsi
366 1170 495 1236 nomine
526 1171 634 1236 omnia
663 1172 761 1258 plana
789 1180 873 1236 suut
925 1169 987 1237 fuit
1018 1169 1102 1236 enim
1132 1169 1274 1236 Manlius

223 1286 423 1376 Torquatus.
465 1308 583 1353 nomen
613 1287 735 1375 gentile
761 1289 795 1352 in
827 1287 975 1354 uersibus
997 1287 1037 1352 16
1057 1297 1091 1354 et
1111 1287 1175 1352 222
1196 1287 1273 1374 legi·

222 1414 287 1486 tur,
309 1425 491 1490 cognomen
512 1425 553 1468 ex
574 1424 669 1469 uersu
690 1404 753 1469 216
774 1403 869 1469 facile
889 1404 1115 1492 cognoscimus
1137 1429 1146 1469 r

528 1545 700 1632 Torquatus
720 1547 791 1613 cols>
810 1550 955 1632 paruolus

522 1666 630 1730 more
651 1688 667 1729 e
686 1666 805 1752 promsi>
826 1689 900 1731 sacae

520 1785 682 1869 pcrrr'pear
702 1795 819 1848 tecnas
840 1807 953 1850 maana

522 1901 607 1964 dulce
628 1900 733 1965 rideat
752 1899 797 1965 od
815 1914 936 1985 patrem

574 2017 753 2082 semihiante
773 2016 889 2082 labello.

224 2189 243 2232 c
273 2176 371 2253 geute
400 2165 599 2232 nobilissima
626 2166 777 2232 maritum
810 2165 983 2232 oriundum
1012 2165 1111 2230 fuisse
1142 2164 1275 2252 stropha

224 2283 375 2370 proxime
395 2281 607 2350 antecedente
629 2284 781 2350 docemur
802 2309 809 2350 :

526 2425 643 2492 Laride
663 2439 695 2491 ut
714 2429 790 2492 dedet
809 2439 838 2492 et
857 2427 949 2492 meai

524 2543 634 2611 liberos
655 2543 738 2610 dcte.
779 2567 841 2611 aaa
859 2545 940 2609 decet

525 2674 590 2727 tom
612 2674 695 2727 udus
715 2664 783 2727 siae
802 2662 905 2728 lutea

526 2802 633 2845 nomen
655 2802 729 2862 csse,
751 2781 806 2843 sed
824 2778 963 2845 aaaron

576 2918 694 2981 scrupea
713 2896 899 2984 iapeaerora'

223 3054 355 3134 praeter
386 3044 561 3111 Krebsium
593 3068 689 3111 nemo
720 3045 911 3133 explicatius
945 3043 1106 3131 inquirere
1136 3044 1276 3111 instituit

222 3184 301 3229 num
331 3160 472 3229 Manlius
504 3162 691 3251 Torquatus
726 3184 822 3251 quem
854 3160 1001 3229 Catullus
1032 3160 1116 3226 dixit
1146 3159 1275 3226 aliunde

224 3301 355 3368 quoqne
383 3281 475 3346 uobis
504 3279 690 3345 innotuerit.
732 3278 893 3347 Krebsius
921 3278 1002 3346 duos
1028 3278 1166 3344 Manlios
1194 3277 1276 3343 'Por-

223 3406 340 3483 quatos
370 3397 494 3480 attulit,
527 3419 608 3485 quos
635 3394 675 3462 L.
703 3394 816 3461 Manlii
844 3395 1002 3482 Torquati
1031 3395 1172 3461 consulis
1198 3396 1274 3460 anni

223 3512 343 3589 caelet
370 3512 453 3580 filios
479 3512 655 3601 adpellauit
676 3538 684 3579 ε
707 3534 844 3601 quorum
871 3513 953 3580 alter
973 3513 1014 3579 A.
1035 3512 1174 3578 Manlius
1195 3511 1276 3578 Tor·

226 3637 345 3716 qualus
367 3638 497 3716 praetor
519 3651 604 3696 anno
626 3628 743 3707 702152
765 3628 847 3695 alter
868 3631 905 3695 L.
926 3629 1067 3696 Manlius
1087 3628 1275 3717 Torquatus

225 3754 358 3832 praetor
390 3767 475 3813 anuo
507 3744 623 3823 roella
652 3745 757 3813 luent.
815 3747 872 3815 sed
899 3747 981 3815 haec
1008 3768 1075 3812 non
1110 3746 1152 3812 ab
1187 3746 1275 3812 omni

84 3892 85 3923 1
226 3871 320 3950 parte
342 3872 431 3929 certa
456 3872 540 3928 sunt.
582 3861 622 3929 L.
650 3861 781 3951 quidem
802 3862 958 3929 Manlium
988 3874 1171 3952 praetorem
1199 3864 1275 3929 anni

84 4022 85 4029 κ
226 3978 344 4055 705149
364 3978 402 4045 L.
426 3978 546 4046 Manlio
576 3980 706 4047 consule
734 3980 810 4047 anni
835 3981 955 4059 689165
975 3992 1068 4067 patra
1090 4002 1182 4049 usum
1204 4003 1276 4048 esse

225 4095 283 4180 (cf.
304 4092 371 4161 cic.
402 4095 442 4162 de
471 4095 524 4161 fin.
547 4118 566 4161 u
589 4097 628 4161 19
648 4096 705 4181 62)
737 4096 876 4179 scimus,
910 4107 1023 4163 contm
1049 4097 1136 4165 idom
1164 4100 1205 4166 dc
1234 4099 1274 4165 A.

85 4266 86 4271 ,
226 4210 349 4277 Manlio
364 4212 542 4299 Torquato,
565 4235 660 4301 quem
677 4212 838 4281 Krebsius
861 4225 1041 4301 praetorem
1064 4217 1139 4283 anui
1159 4216 1277 4292 tortor
