3342 5200
387 649 438 702 882
475 645 552 700 xlm
576 647 625 701 DE
640 645 779 700 latmo
791 643 987 711 'MQVA'I'O
999 642 1049 697 m·
1064 645 1165 698 vmls
1185 642 1440 700 nvnvltcvauu

468 813 656 902 lh’sputatio
681 821 792 880 nostru
820 811 863 879 ad
886 833 1015 878 onumen
1038 811 1159 878 axido
1177 812 1299 899 nuptiis
1319 811 1439 878 Manlii

386 931 546 998 etViniae
567 927 803 997 inlustrandum
825 928 1034 1007 conuertitur,
1053 929 1152 1016 qnod,
1173 928 1199 995 si
1220 928 1381 995 Manlium
1404 939 1439 995 et

386 1047 515 1114 Vinium
537 1047 593 1136 qui
613 1045 736 1114 fuerint
754 1047 950 1134 quaerimus,
970 1045 1066 1112 ualde
1087 1047 1259 1112 absentum
1280 1055 1340 1112 ost
1383 1047 1439 1112 uei

386 1167 418 1231 in
440 1164 572 1232 nomine
592 1185 732 1253 sponsae
759 1162 969 1247 offendimur,
995 1171 1134 1251 utpote
1161 1185 1247 1251 quae
1273 1164 1307 1228 in
1337 1185 1437 1230 uersu

387 1293 479 1350 sexto
493 1280 620 1349 oasim
629 1281 729 1348 Vinia
742 1289 776 1346 et
788 1281 821 1346 in
836 1301 934 1346 uersu
947 1280 1145 1368 oetogesimo
1159 1280 1295 1368 septimo
1307 1281 1438 1347 aaran·

388 1399 492 1466 culnia
517 1397 706 1486 adpeiietnt.
750 1398 841 1464 euius
871 1398 1039 1486 utniusque
1069 1397 1205 1463 nominis
1233 1399 1341 1463 forms
1369 1421 1437 1463 non

387 1527 480 1582 extus
500 1535 629 1582 omnem
650 1513 884 1582 dubitationem
903 1514 1010 1602 posita
1036 1524 1096 1580 est.
1138 1535 1211 1580 nam
1234 1537 1295 1602 pro
1317 1513 1438 1580 Vinios

387 1631 525 1714 numina,
548 1631 636 1720 quod
653 1630 726 1698 iibri
741 1629 892 1698 Dstsnus
908 1640 943 1698 et
955 1629 1173 1698 Santoniauus
1192 1631 1314 1698 habent
1334 1630 1437 1718 quod·

386 1770 451 1837 que
472 1749 505 1814 in
527 1747 722 1814 Drasdensis
749 1748 933 1836 eomuptelo
960 1753 1047 1814 amieo
1066 1748 1163 1828 latet,
1185 1748 1218 1812 in
1239 1746 1438 1832 Sangarine·

385 1866 478 1932 nansi
498 1864 721 1934 Laurentiano
741 1865 797 1950 (33
820 1865 874 1950 12)
895 1864 1111 1932 Riouardiano
1132 1865 1225 1930 lesa
1250 1864 1382 1953 legitur,
1404 1875 1438 1931 et

385 1982 527 2050 Achilles
550 1979 675 2050 Statius
702 1989 733 2048 is
760 1983 897 2048 omues
922 1980 1028 2068 inquit
1039 1980 1117 2068 sere
1137 1985 1355 2067 manuscripfis
1374 2005 1438 2048 m

381 2091 491 2166 ‘latu‘
512 2099 610 2188 (quae
641 2108 692 2166 est
718 2098 815 2165 leutio
845 2098 922 2164 olim
949 2099 1087 2185 nnigsta
1114 2120 1156 2162 ex
1183 2098 1436 2187 interpolatione

385 2216 534 2305 proseuta
571 2215 664 2282 uerbi
700 2237 815 2282 mussa
851 2216 885 2281 in
922 2215 1008 2282 libro
1039 2215 1282 2303 Bombos-gensi
1317 2227 1437 2282 extans

384 2345 418 2399 et
448 2357 467 2400 a
499 2341 679 2398 conectere
707 2335 807 2401 etiam
838 2331 872 2398 in
901 2333 1065 2420 Datanum
1092 2333 1209 2416 inlata)
1237 2335 1290 2397 sod
1313 2321 1436 2398 ‘hunul

382 2450 458 2516 iliae
483 2461 594 2517 autem
624 2449 708 2516 duae
728 2448 886 2516 lectiones
903 2451 993 2515 αἰκία
1012 2457 1045 2514 et
1063 2454 1163 2530 mezu,
1186 2448 1213 2513 si
1233 2449 1365 2536 singula
1383 2447 1432 2513 iit·

384 2577 526 2633 tororum
555 2565 714 2634 elementa
740 2565 892 2655 respicis,
918 2587 1022 2654 paene
1047 2565 1134 2635 nullo
1162 2565 1247 2633 inter
1267 2588 1302 2633 ee
1323 2566 1434 2633 discri-

385 2685 469 2751 mine
491 2694 680 2773 separentur
701 2708 709 2749 ε
731 2684 816 2751 unde
837 2683 958 2750 foetum
980 2693 1029 2750 oet
1049 2691 1086 2749 ut
1106 2684 1238 2750 nomine
1260 2683 1433 2750 Viniornm

384 2813 418 2868 et
439 2802 605 2867 Iuniarum
627 2800 702 2866 alibi
717 2823 847 2889 quoque
862 2800 990 2887 saepius
1005 2800 1287 2870 oonfunderontur.
1323 2811 1433 2868 utrum

383 2918 483 3005 igitur
504 2940 622 2985 nomen
642 2915 891 3004 praeferendum
913 2917 964 2999 sit,
987 2939 1062 2983 oum
1084 2940 1127 2982 ex
1148 2920 1245 2985 rebus
1263 2916 1341 3007 ipsis
1362 2919 1433 2983 nul-

384 3038 451 3102 lum
472 3037 535 3102 nisi
556 3035 673 3101 Viniao
694 3057 812 3101 nomen
833 3035 938 3100 rarius
960 3044 992 3100 et
1017 3034 1210 3123 exquisitius
1235 3056 1305 3099 esse
1335 3057 1434 3122 quam

384 3152 499 3219 Iuniae
529 3161 756 3238 argumentum
789 3151 858 3239 peti
887 3153 1012 3240 possit,
1044 3152 1141 3219 aliter
1171 3151 1338 3219 diiudicari
1366 3176 1434 3219 non

383 3278 491 3357 potest
517 3270 579 3335 nisi
605 3270 799 3335 auctoritate
819 3270 952 3335 testium
973 3271 1111 3336 alterum
1132 3280 1242 3336 utram
1261 3268 1436 3336 defenden-

384 3384 465 3452 tium
486 3388 681 3456 examinata.
722 3386 963 3469 Leehmonnuu
983 3408 1081 3474 quem
1100 3386 1264 3475 Hauptiua
1283 3398 1318 3454 et
1336 3386 1436 3454 Boeo

383 3503 517 3571 bachius
536 3504 639 3571 seeuti
652 3515 738 3588 sunt,
761 3528 803 3572 ox
824 3504 891 3571 auis
910 3504 1000 3572 libris
1024 3506 1118 3571 Vimie
1139 3503 1276 3593 suipsit,
1289 3504 1437 3591 Heysius

386 3630 501 3687 contra
527 3620 594 3687 suis
613 3622 720 3708 magis
741 3623 882 3689 confisus
902 3619 993 3687 libris
1014 3619 1118 3687 Iussa.
1160 3620 1297 3687 aiterum
1317 3643 1438 3688 nomen

384 3756 521 3823 sponsae
551 3736 585 3803 in
619 3736 710 3803 libris
744 3738 879 3804 sinueris
913 3738 1106 3803 Ameselon
1137 3735 1307 3821 assilitur,
1339 3759 1438 3826 quam

385 3852 557 3919 lectionem
594 3854 670 3919 olim
706 3876 726 3918 a
760 3852 866 3922 Statio
900 3853 1087 3921 dubitanter
1117 3854 1375 3921 commendatam
1407 3865 1440 3921 et

387 3990 492 4056 nuper
513 3968 642 4036 demum
663 3972 706 4037 ob
720 3971 866 4059 Hauptio
880 3971 1085 4039 Rossbachio
1098 3970 1261 4038 Pleitnero
1275 3981 1439 4060 reeaptam

384 4086 449 4151 iem
462 4084 537 4153 [tali
553 4088 672 4154 munuli
687 4088 791 4175 quinti
809 4088 927 4154 dooimi
940 4088 1050 4155 multis
1062 4089 1129 4154 iam
1145 4088 1221 4156 iude
1232 4112 1255 4156 a
1267 4089 1441 4178 Souligem

385 4200 561 4269 editoribus
595 4202 739 4269 adsumis
772 4203 807 4269 in
844 4204 982 4270 formam
1014 4205 1226 4272 Auruncuiesin
1261 4229 1365 4295 nuper
1399 4209 1441 4275 ab
