3342 5200
598 673 622 724 V
656 673 705 726 DE
722 669 903 725 Auoutavs
920 665 1077 720 cauum

392 843 490 907 sicine
512 841 670 926 subrepsti
687 839 735 903 mi
751 849 843 924 utque
861 834 1006 901 intestibus
1026 854 1186 919 perurens

431 959 484 1022 lei
501 959 614 1022 misero
635 957 776 1042 eripuisti
794 954 899 1018 omnia
919 962 1026 1016 uestra
1047 949 1167 1015 boue?

394 1074 542 1158 eripuisti,
564 1077 622 1139 beu
642 1073 698 1137 beu
717 1084 840 1137 uestrae
862 1070 979 1135 crudele
999 1087 1155 1131 uenenum

432 1191 523 1266 uitae,
546 1192 600 1253 beu
620 1194 676 1256 deu
697 1201 819 1253 nocuae
835 1187 934 1273 pestis
953 1183 1119 1248 amicitiae.

393 1305 450 1370 sed
468 1329 550 1370 nuuc
570 1308 602 1369 id
622 1305 707 1370 doleo
727 1306 807 1391 quod
822 1325 922 1389 purae
941 1324 1024 1386 pura
1041 1299 1164 1385 puellae
1199 1292 1357 1362 nxxvunt

438 1423 533 1486 sauia
553 1422 717 1487 conminuit
737 1444 852 1505 spurca
874 1421 977 1484 scitica
997 1428 1060 1481 tua.

394 1561 499 1602 uerum
520 1538 556 1603 id
574 1562 637 1603 ucu
656 1543 768 1622 supuue
780 1536 876 1623 feres
897 1558 999 1601 :uam
1020 1545 1048 1598 te
1068 1530 1176 1596 omnia
1197 1532 1305 1595 saeclo

436 1667 559 1719 uosccut
580 1659 681 1741 etqui
700 1656 747 1719 sis
766 1652 861 1738 fama
882 1655 1013 1738 loquebar
1035 1673 1126 1715 amu.

314 1882 393 1948 uitio
445 1887 545 1973 igitur
589 1885 678 1952 Rufo
717 1885 885 1967 tn'buitur,
929 1882 1017 1972 quod
1059 1881 1204 1949 amicitia
1250 1878 1363 1949 Catulli

314 2000 461 2066 simulata
504 2002 616 2069 intima
657 2001 809 2068 Lesbiam
850 2026 868 2067 a
909 2011 1008 2090 poeta
1052 1999 1137 2065 clam
1178 2009 1213 2066 et
1258 1997 1363 2064 dolose

315 2116 555 2184 abalienauerit.
609 2119 680 2207 quis
717 2119 821 2184 Rufus
856 2118 909 2184 ille
940 2117 1037 2183 fuerit
1068 2138 1134 2182 non
1167 2114 1201 2181 in
1240 2114 1363 2181 occulto

315 2241 372 2296 est.
423 2244 473 2299 est
504 2232 588 2299 enim
621 2236 665 2301 M.
706 2235 834 2302 (laelius
866 2233 993 2315 Rufus,
1036 2255 1133 2320 quem
1169 2233 1240 2298 iam
1253 2234 1257 2240 '
1271 2252 1363 2317 supro

315 2370 356 2410 ex
399 2346 567 2415 Ciceronis
609 2350 764 2417 Caeliana
806 2349 973 2416 docuimus
1009 2348 1145 2415 Clodiae
1187 2356 1364 2413 amatorem

314 2462 412 2527 fuisse
435 2488 442 2528 ε
465 2464 497 2528 id
520 2467 608 2552 quod
624 2468 770 2533 Muretus
785 2466 910 2534 Statius
925 2466 1123 2533 Niebuhrius
1146 2467 1244 2549 (mus.
1261 2464 1363 2530 Rhea.

316 2598 334 2640 ιι
363 2578 438 2665 598)
472 2582 648 2649 Teuffelius
689 2584 964 2671 Iungclausaenus
1003 2592 1256 2671 perspexerunt.
1309 2602 1365 2648 nac

316 2713 387 2757 cum
410 2695 511 2762 Caelii
533 2708 565 2763 et
587 2698 707 2766 Catulli
736 2712 824 2767 aetas
847 2703 991 2790 quinque
1011 2709 1139 2766 tantum
1168 2699 1264 2765 annis
1285 2699 1366 2766 inus

317 2826 351 2868 se
383 2809 542 2899 discrepet
576 2814 726 2901 (Caelius
762 2818 876 2882 eodem
913 2840 998 2882 anno
1030 2817 1149 2894 672l82
1185 2816 1366 2904 eodemque

319 2918 369 2984 die
394 2947 457 3010 quo
479 2928 621 2994 Licinius
643 2931 780 3015 Caluus,
814 2944 923 2999 orator
955 2944 988 3000 et
1013 2944 1110 3022 poeta
1136 2931 1209 3021 ipse
1238 2951 1367 3021 quoque

318 3030 444 3102 Catullo
487 3045 719 3130 amicissimus,
761 3061 857 3115 natus
896 3052 959 3135 est)
997 3051 1171 3139 quicquam
1216 3049 1367 3138 prohibet

318 3166 381 3228 <11¹0
416 3155 517 3223 minus
549 3161 744 3247 aliquamdiu
780 3166 922 3232 amicitia
955 3190 1011 3232 cos
1044 3168 1235 3232 coniunctos
1268 3166 1367 3232 fuisse

320 3262 500 3353 credamus,
536 3279 724 3360 praesertim
757 3305 829 3346 cum
861 3281 991 3349 Caelius
1019 3293 1057 3349 nt
1078 3282 1252 3348 libidinum
1274 3282 1366 3347 nahe

319 3379 436 3444 mentia
465 3385 511 3452 ita
542 3391 671 3476 ingenio
702 3420 831 3485 quoque
864 3411 897 3464 et
929 3400 1113 3465 urbanitate
1143 3399 1197 3483 (cf.
1230 3397 1367 3479 Quintil

323 3486 464 3579 11115)
489 3513 520 3568 et
542 3509 638 3574 animi
658 3515 798 3599 quodam
820 3502 948 3580 feruore
972 3526 1004 3581 et
1025 3516 1148 3602 inpetu,
1170 3515 1278 3604 qualis
1300 3516 1369 3580 iere

325 3607 356 3696 el
376 3602 465 3674 Calui
493 3626 526 3681 et
553 3619 671 3690 Catulli
702 3640 772 3693 erat
785 3677 793 3711 ,
828 3632 1029 3696 excelleret:
1052 3655 1118 3719 qua
1150 3632 1190 3697 de
1214 3654 1369 3698 caussae

324 3706 444 3784 Velleio
465 3727 637 3805 Paterculo
659 3765 675 3804 ιι
699 3745 740 3808 68
763 3750 911 3833 inpeuiose
937 3772 1067 3835 nsquam
1092 3748 1287 3836 adpellatur.
1329 3748 1368 3814 ct

325 3820 365 3948 dit
395 3828 503 3960 Caelio
531 3849 708 3922 Drumanni
731 3859 797 3926 HR
819 3886 837 3924 ιι
860 3863 932 3928 411.
975 3887 1036 3928 nec
1065 3864 1128 3930 hoc
1160 3876 1294 3933 nostrae
1317 3887 1368 3931 ex-

323 3933 482 4080 phcauoni
503 3961 593 4031 obest
607 3974 693 4057 quod
710 3972 856 4042 Catullus
878 3979 911 4043 in
934 4001 1030 4045 uersu
1052 3991 1171 4047 octauo
1193 3983 1368 4049 nefandam

324 4045 453 4126 fellandi
466 4068 628 4150 libidinem
645 4087 754 4155 Caelio
770 4095 945 4180 exprobrat
956 4095 1019 4160 :ita
1033 4097 1119 4160 enim
1134 4096 1290 4187 Scaliger
1301 4120 1370 4166 uer

325 4181 395 4231 sum
405 4189 492 4250 recte
502 4187 658 4268 intellexit
669 4204 723 4291 (cf.
738 4228 834 4275 carm.
849 4228 1034 4277 Lxxxxvrur
1053 4213 1093 4277 10
1112 4232 1212 4282 ιω
1227 4215 1369 4285 Mutat.
1386 4270 1388 4275 .
