3342 5200
582 636 636 689 1111
670 637 718 689 nu
736 636 915 690 suoamva
933 636 1087 691 cervam
1329 642 1361 694 61

312 803 425 869 monia
457 802 540 869 inter
570 805 769 892 propinquos
802 804 884 869 inita
915 803 1093 871 infeliciora
1126 826 1197 872 esse
1232 808 1364 873 soleant

314 922 357 986 de
388 920 469 985 rixis
497 919 583 984 inter
614 921 769 1009 coniuges
800 920 1009 1009 gliscentibus
1040 923 1246 989 conterantur
1281 946 1365 1012 quac

314 1034 432 1103 cicero
454 1059 482 1102 a
506 1036 640 1121 694l60,
671 1060 736 1124 quo
766 1036 807 1117 Q.
829 1037 982 1104 Metellus
1014 1037 1110 1104 Celer
1141 1040 1254 1107 consul
1285 1052 1364 1124 erat,

315 1152 358 1220 ad
390 1154 535 1219 Atticum
557 1177 577 1219 u
601 1156 618 1217 1
641 1154 661 1219 5
682 1154 722 1219 de
742 1154 930 1220 muliercula
950 1155 1006 1220 illa
1033 1156 1174 1243 scripsit,
1195 1180 1252 1245 epo
1279 1160 1364 1223 mum

314 1269 495 1355 (Clodiam)
516 1273 567 1335 odi
584 1272 664 1337 mole
685 1273 889 1338 consularem.
932 1297 969 1337 eo
990 1286 1036 1338 est
1056 1276 1135 1339 enim
1149 1277 1305 1355 sditsbsa,
1327 1300 1364 1341 eo

315 1411 384 1453 oum
405 1389 473 1454 uiro
495 1388 607 1453 bellam
626 1390 716 1473 perit,
731 1411 825 1475 neque
847 1389 944 1454 solam
966 1412 1035 1454 oum
1052 1390 1177 1456 Metello
1197 1390 1254 1456 sed
1272 1393 1364 1458 mrum

316 1528 387 1570 oum
408 1504 527 1587 Fabio,
557 1505 642 1591 quod
661 1529 712 1570 cos
732 1507 815 1570 mili
833 1528 899 1570 esse
920 1507 1040 1571 amicos
1059 1508 1183 1573 moleste
1195 1507 1276 1593 fert
1318 1510 1364 1575 ita

315 1622 438 1688 factum
460 1630 519 1704 est,
540 1631 577 1687 ut
599 1619 724 1705 Clodia,
748 1644 821 1687 oum
843 1621 966 1687 Metelli
990 1624 1133 1709 grauitas
1154 1634 1188 1689 et
1208 1625 1363 1691 seueritas

315 1737 535 1826 prohibuisset
566 1760 630 1827 quo
663 1738 768 1803 minus
800 1760 839 1801 ea
868 1760 966 1827 quam
993 1739 1149 1806 effrenate
1175 1741 1274 1807 uellet
1294 1741 1363 1808 libi-

314 1853 425 1921 dinem
456 1855 625 1921 scelestam
647 1864 679 1921 et
700 1855 734 1920 in
753 1854 820 1920 dies
842 1845 1039 1921 crescentem
1062 1867 1248 1943 exerceret,
1281 1880 1362 1924 onus

312 1972 376 2038 sibi
403 1973 661 2039 molestissimum
689 1972 858 2038 sublatura
878 1995 907 2038 a.
929 1973 1047 2051 695159
1066 1974 1217 2041 maritum
1237 1996 1363 2040 ueneno

312 2100 454 2156 necaret.
491 2090 531 2155 of.
545 2089 612 2156 Cio.
627 2112 686 2177 pro
703 2088 790 2156 Cael.
810 2090 852 2154 24
869 2090 920 2155 59.
942 2090 984 2156 60
1004 2114 1091 2177 quem
1112 2096 1213 2156 anum
1233 2097 1261 2156 si
1278 2094 1362 2157 nullu

311 2209 365 2273 ais
388 2209 537 2294 repentini
554 2210 672 2273 scelerae
695 2207 886 2291 sustulisset,
918 2230 1044 2294 quonum
1064 2210 1153 2273 modo
1170 2209 1225 2274 alle
1237 2212 1366 2294 florenti

309 2324 418 2410 fratri
429 2349 484 2390 suo
498 2327 665 2391 consclors's
675 2327 842 2391 resbls'sset.
864 2325 974 2413 itaque
989 2326 1086 2391 etiam
1103 2324 1232 2391 Caelius
1245 2325 1361 2407 Rufus,

311 2440 431 2530 dequo
445 2444 539 2529 plura
554 2464 630 2508 mox
645 2442 738 2507 nobis
754 2442 889 2508 dicenda
902 2453 1005 2523 erunt,
1029 2442 1062 2506 in
1077 2444 1224 2508 oratione
1238 2444 1272 2507 in
1288 2442 1361 2509 Clo

311 2558 398 2626 diam
409 2558 521 2626 habita
535 2582 607 2626 eam
617 2553 877 2648 ‘Clytemestram
891 2553 1162 2647 quadrantariam’
1171 2558 1361 2642 nominauit,

310 2677 353 2743 of.
364 2675 499 2757 Quintil.
509 2700 562 2743 vm
572 2677 652 2742 653.
668 2677 929 2764 quadrantariam
937 2698 1026 2759 uero,
1033 2699 1117 2764 quae
1125 2687 1174 2742 est
1183 2678 1298 2742 mulier
1305 2677 1361 2742 uili

310 2793 500 2880 quadrantis
514 2792 661 2859 mercede
673 2794 845 2882 unicuique
861 2816 976 2882 corpus
989 2795 1197 2882 prostituens,
1213 2793 1360 2862 Clodiam

310 2910 442 2977 (laelius
462 2932 522 2977 neo
543 2912 666 2998 primus
687 2933 747 2976 nec
769 2912 857 2976 solus
879 2912 1008 2976 uocauit
1014 2960 1024 2995 ,
1056 2911 1114 2977 sed
1141 2934 1258 2977 nomen
1279 2911 1360 2977 illud

308 3050 370 3116 per
389 3027 564 3094 ludibrium
586 3027 724 3093 inditum
744 3037 813 3094 tum
833 3029 867 3092 in
889 3028 1030 3093 omnium
1053 3050 1107 3094 ore
1135 3039 1213 3111 erat,
1235 3029 1275 3094 of.
1291 3028 1359 3097 Cio.
1465 3023 1467 3025 ’

307 3167 370 3233 pro
394 3144 480 3214 Cael.
496 3145 537 3210 26
558 3146 607 3211 62.
629 3145 671 3210 29
693 3146 734 3210 69
756 3167 827 3209 oum
849 3145 1040 3210 Drumanno
1059 3145 1125 3210 HR
1147 3171 1165 3210 n
1188 3146 1247 3210 381
1271 3145 1358 3211 Plut.

310 3262 381 3329 Cio.
413 3263 463 3327 29.
511 3272 680 3350 praeterea
713 3260 828 3328 Cicero
871 3260 1017 3328 Clodiam
1061 3261 1189 3349 saepius
1231 3262 1360 3327 nomine

308 3369 477 3462 βοώπιδος
498 3379 602 3445 inrisit
636 3379 692 3463 (of.
716 3378 756 3443 ad
777 3378 876 3443 Attio.
897 3401 918 3442 ιι
938 3377 959 3441 9
982 3378 1009 3442 1.
1042 3377 1081 3440 12
1101 3377 1131 3442 2.
1156 3378 1197 3442 14
1219 3379 1246 3442 1.
1268 3378 1310 3442 22
1330 3379 1359 3444 5.

310 3497 354 3561 23
368 3495 413 3581 3),
435 3517 499 3583 quo
513 3495 642 3561 nomine
657 3495 881 3561 auctoritatem
898 3504 930 3559 et
944 3493 1103 3581 inperium
1117 3495 1360 3582 qualecumque,

312 3613 400 3702 quod
415 3612 529 3679 Clodia
551 3614 611 3678 sibi
632 3614 725 3700 quasi
748 3613 850 3678 alters
863 3601 958 3698 Ἥρα
970 3611 1103 3692 βοῶπις
1124 3613 1176 3677 uel
1200 3611 1241 3675 de
1263 3614 1359 3678 rebus

311 3729 449 3817 publicis
472 3728 663 3816 adrogabat,
685 3728 800 3795 Cicero
822 3730 905 3794 salse
929 3728 1100 3794 cauillatus
1122 3728 1177 3813 (cf.
1194 3751 1253 3815 pro
1270 3728 1358 3795 Cael.

310 3847 353 3912 26
380 3847 422 3912 62
448 3848 561 3913 mulier
593 3848 652 3913 itta
686 3859 795 3933 potens
826 3847 1083 3933 quadrantaria),
1127 3845 1213 3933 quod
1243 3865 1359 3910 nomen

310 3963 387 4052 quia
416 3963 548 4030 Clodiae
578 3964 662 4029 oculi
690 3963 800 4050 magni
822 3973 855 4028 et
875 3962 1027 4029 ardentes
1049 3974 1157 4044 erant,
1191 3984 1229 4027 eo
1257 3962 1360 4027 maius

310 4081 456 4146 eontinet
492 4103 635 4146 acumen.
685 4081 724 4145 of.
754 4078 870 4146 Cicero
899 4080 939 4145 de
967 4079 1096 4167 harusp.
1130 4101 1214 4167 resp.
1249 4079 1288 4143 18
1319 4080 1361 4143 38

310 4221 349 4264 ne
372 4197 411 4263 s'd
430 4198 551 4285 pardem
572 4202 665 4264 sends
686 4202 853 4263 coessentes
875 4199 944 4264 allos
958 4197 1062 4263 oculos
1076 4200 1171 4262 absai
1188 4197 1236 4261 tui
1255 4199 1360 4286 mops'a
