3342 5200
607 678 629 729 V
664 678 712 729 De
731 678 909 739 Auomsvs
927 679 1081 732 cs'rvnm
1314 684 1363 732 127

317 840 450 925 Cicero,
479 865 551 907 cum
573 865 632 931 pro
654 844 701 909 M.
725 842 836 911 Caelio
857 845 946 910 Ruso
968 843 1100 927 diceret,
1121 844 1268 912 Clodiam
1289 869 1362 913 con·

315 958 446 1024 oidisset
467 982 475 1022 :
497 958 587 1024 ouius
614 961 661 1025 rei
681 962 804 1048 gratias
826 960 935 1027 Tullio
957 960 1103 1027 Catullus
1124 962 1189 1027 iam
1212 963 1310 1029 durus
1331 974 1364 1029 et

314 1078 441 1143 famous
463 1076 605 1142 ommino
627 1100 786 1172 xxxpvtm
807 1076 894 1144 haud
916 1077 983 1143 seio
1004 1100 1045 1143 an
1067 1078 1258 1165 persoluerit
1280 1104 1287 1143 :

518 1280 726 1344 Disertissime
746 1278 872 1343 Romuli
889 1291 1035 1365 nepotum,

516 1407 584 1483 quot
604 1406 674 1460 saut
694 1408 823 1481 quotque
842 1394 941 1480 fuere,
963 1396 1073 1461 Marce
1099 1396 1189 1479 Tulli,

516 1523 644 1597 quotque
662 1512 821 1596 pastellis
843 1513 982 1577 enuntia
1003 1514 1105 1595 anuas,

513 1628 638 1712 quatias
659 1628 715 1691 tibi
730 1631 884 1691 enauimus
908 1627 1047 1693 Catullus

499 1744 593 1830 opit,
614 1745 773 1828 possimus
793 1745 928 1809 omnium
943 1757 1034 1830 poeta

515 1871 628 1945 quanto
648 1872 679 1923 tu
699 1864 826 1946 optimus
846 1862 980 1926 omnium
999 1871 1159 1945 patronus.

311 2060 491 2148 Helbigius
512 2060 547 2146 (l.
570 2084 598 2126 o.
621 2083 651 2147 p.
675 2061 755 2126 1219
776 2060 860 2146 not.)
889 2084 954 2126 non
983 2060 1097 2127 inseite
1118 2062 1267 2144 adnotat,
1301 2060 1362 2129 Ga·

310 2178 427 2244 tullum
453 2178 563 2244 uerbis
587 2183 733 2264 pessimus
763 2183 892 2243 omnum
921 2191 1012 2263 poeta
1040 2200 1075 2243 se
1103 2177 1208 2266 ipsum
1229 2190 1361 2265 propter

311 2295 427 2361 laudes
439 2294 556 2381 quibus
574 2293 648 2360 olim
664 2296 831 2360 mulierem
847 2295 1014 2383 indignam
1035 2295 1247 2361 celebrauerit
1267 2296 1360 2360 assti-

311 2434 393 2497 gare
408 2409 522 2476 uideri.
546 2420 689 2477 aeterum
702 2410 863 2479 Catullum
882 2412 985 2501 ipsum
1002 2412 1180 2479 orationem
1195 2410 1362 2478 Ciceronis

311 2528 476 2595 audiuisse
496 2551 534 2593 ea
550 2528 590 2594 do
605 2553 718 2596 caussa
732 2530 934 2617 negauimus,
956 2529 1032 2618 quia
1046 2530 1114 2595 fiori
1129 2551 1195 2595 non
1208 2527 1312 2617 potuit
1326 2538 1362 2593 ut

311 2646 376 2729 ille,
395 2668 493 2733 quem
506 2657 580 2734 post
595 2669 731 2713 uernum
748 2671 777 2738 a.
788 2648 906 2726 698ll>6
921 2647 1158 2737 aequinoctium
1175 2669 1193 2711 e
1208 2647 1361 2733 Bithynia

312 2763 492 2851 profectum
520 2765 608 2851 prius
635 2788 732 2852 quam
756 2765 895 2831 Romam
917 2765 1036 2830 seimus
1059 2764 1197 2832 Galliam
1222 2765 1361 2851 patriam

311 2880 516 2968 prouinciam
543 2881 674 2964 uisisso,
706 2904 816 2947 mense
847 2882 934 2966 illius
956 2881 1032 2947 anni
1052 2882 1171 2947 Martio
1194 2883 1245 2948 uel
1267 2881 1360 2948 initio

295 2996 431 3064 'mensis
452 2997 595 3087 Aprilis,
626 3021 690 3087 quo
719 3008 866 3086 tempore
895 2996 1009 3066 Cicero
1032 2996 1178 3066 (laelium
1209 2997 1360 3081 defendit,

312 3114 370 3202 (of.
400 3137 498 3204 supra
524 3139 556 3203 p.
585 3115 659 3200 63),
691 3115 753 3181 iam
774 3115 899 3182 Romae
921 3127 1015 3182 esset.
1059 3115 1173 3182 eodem
1194 3117 1262 3182 fere
1282 3127 1360 3182 tem·

309 3255 390 3323 poro
421 3241 519 3320 poeta
550 3255 616 3299 non
642 3242 710 3299 tam
739 3234 842 3299 iratus
875 3244 907 3299 et
938 3232 1161 3321 desperatione
1188 3255 1360 3322 oppressus

310 3352 363 3435 (ut
383 3350 526 3416 carmine
547 3355 659 3416 Lxxvn'
683 3349 769 3438 Rufe
790 3351 865 3416 mz'lu
873 3349 1006 3435 frustra
1027 3375 1067 3415 ae
1086 3355 1270 3436 nequiquam
1291 3371 1359 3414 ere·

309 3470 369 3533 diu
389 3467 502 3552 ama‘ee)
532 3490 630 3555 quam
657 3467 764 3533 animo
794 3489 899 3556 aequo
929 3491 968 3532 ao
996 3466 1108 3534 sedato
1131 3490 1259 3533 carmon
1282 3487 1359 3533 svnt

310 3583 351 3650 ad
375 3581 516 3649 eundem
537 3582 581 3648 M.
605 3581 749 3650 Caelium
778 3583 902 3650 Rufum
922 3583 1027 3665 misit,
1062 3607 1174 3673 quem,
1205 3594 1360 3672 utsupra

309 3724 341 3789 p.
366 3699 409 3766 86
430 3698 586 3783 uidimus,
615 3701 690 3766 olim
712 3701 873 3766 aemulum
896 3723 990 3766 suum
1012 3701 1138 3766 acerbis
1158 3701 1359 3767 contumeliis

308 3824 498 3905 persecutus
521 3826 600 3883 erat.
623 3840 662 3883 en
684 3818 786 3884 habes
806 3827 908 3884 totum
931 3842 939 3883 ε

512 4001 608 4086 (laeli,
630 4003 742 4068 Lesbia
762 4015 880 4085 nostra,
902 4003 1019 4067 Lesbio
1040 4003 1106 4083 alla,

509 4121 568 4186 alla
589 4121 702 4186 Lesbia
723 4144 817 4206 quam
841 4120 978 4186 Catullus
998 4143 1089 4184 uuam

473 4295 476 4303 .
506 4237 579 4322 plus
598 4259 690 4324 qioant
711 4259 746 4302 oe
764 4248 854 4322 atque
874 4259 946 4302 oreos
966 4237 1085 4300 amauit
1103 4259 1217 4317 omues,
