3342 5200
472 624 525 678 Illi
560 624 608 679 DE
625 624 801 681 AMORIBVS
820 626 976 680 aarum
1217 630 1251 683 67

199 816 312 861 errare
324 795 427 883 igitur
448 796 506 861 uix
526 816 697 881 possumus
718 806 897 863 statuentes
917 818 1004 862 anno
1024 796 1143 874 tettae
1163 818 1250 863 amo

199 936 270 978 rem
302 911 393 977 illum
415 914 555 977 maximo
584 912 722 996 arsisse,
755 914 815 979 etsi
837 912 968 979 minime
994 936 1153 1001 negamus
1181 912 1250 979 eius

199 1030 294 1095 initia
325 1030 389 1094 iam
420 1051 505 1094 anno
531 1029 649 1107 695t59
676 1042 708 1096 et
739 1031 806 1095 cius
834 1042 977 1096 extrema
1008 1054 1093 1097 auno
1120 1032 1250 1097 demum

200 1148 319 1225 697157
341 1146 451 1211 fuisse.
494 1147 555 1211 hoc
581 1147 667 1234 quod
699 1148 900 1235 repperimus
921 1147 984 1212 alia
1005 1170 1135 1237 quoque
1156 1172 1251 1235 argn-

199 1262 370 1330 mentandi
392 1262 516 1329 ratione
540 1263 722 1329 confirmari
747 1265 832 1330 licet.
875 1288 1016 1352 namque
1030 1264 1153 1345 Clodia,
1175 1288 1250 1331 cum

200 1406 236 1448 se
257 1406 277 1447 a
293 1381 407 1449 (laelio
423 1382 582 1446 desertam
604 1381 739 1463 uideret,
759 1392 876 1448 utnon
897 1382 953 1449 diu
974 1392 1126 1449 cunctata
1146 1382 1189 1448 sit
1209 1384 1251 1450 ab

201 1500 254 1565 illo
272 1521 399 1588 poenas
420 1510 567 1589 repetere
588 1522 629 1565 ex
652 1500 699 1564 rei
720 1498 821 1585 ipsius
842 1510 958 1564 natura
978 1502 1134 1587 sequitur.
1176 1524 1250 1566 cum

200 1620 304 1705 igitur
330 1618 446 1684 mulier
474 1617 629 1683 iracunda
661 1617 753 1682 initio
782 1638 811 1682 a.
842 1616 960 1693 698l56
993 1618 1031 1683 L.
1061 1618 1249 1684 Atratinum

200 1734 302 1800 filium
338 1735 379 1800 ad
410 1733 555 1801 Caelium
588 1734 801 1800 accusandum
830 1734 1000 1822 inpelleret
1031 1744 1064 1801 et
1088 1736 1250 1819 incitaret,

201 1876 264 1918 non
297 1854 354 1917 diu
381 1863 457 1918 aute
487 1852 548 1916 hoc
576 1860 702 1938 tempus
732 1853 772 1915 ab
800 1848 857 1916 illo
878 1852 1005 1917 deserta
1026 1874 1095 1917 esse
1114 1854 1249 1940 potuitr

200 1971 317 2035 iterum
351 1970 392 2035 ad
421 1990 541 2034 annum
572 1968 688 2045 697757
718 1990 781 2055 quo
812 1969 928 2034 foedus
954 1970 1170 2056 interruptum
1198 1971 1249 2054 sit,

202 2087 359 2152 ducimur.
403 2087 542 2174 denique
557 2086 598 2151 ad
616 2087 750 2151 crimina
768 2085 885 2174 quibus
901 2083 1017 2152 Clodia
1032 2085 1176 2153 Caelium
1190 2088 1250 2152 cir·

201 2203 367 2269 cumuenit
379 2204 522 2269 animum
533 2203 689 2268 attendas.
706 2204 843 2291 primum
859 2204 944 2269 enim
956 2202 1072 2270 Clodia
1086 2203 1249 2270 inimicum

203 2322 369 2409 perditura
381 2319 562 2385 adfirmauit
573 2344 647 2385 eum
658 2342 677 2384 a
688 2344 722 2387 se
733 2322 804 2407 ipsa
815 2344 928 2387 summ
940 2321 1113 2410 sumpsisse
1124 2332 1161 2387 ut
1172 2322 1248 2387 Dio·

167 2482 170 2493 ·
201 2462 274 2504 nem
299 2437 557 2504 Alexandrinum
578 2438 834 2503 interficiendum
856 2450 993 2522 curaret,
1026 2438 1152 2520 deiude,
1174 2462 1248 2504 cnm

202 2580 316 2622 aurum
339 2556 474 2623 reddere
496 2556 606 2638 nollet,
627 2577 753 2622 ueneno
776 2556 836 2622 sibi
856 2555 986 2624 insidias
1000 2578 1141 2644 parasse.
1174 2580 1246 2622 cnm

201 2697 278 2739 uero
302 2675 368 2738 Dio
398 2695 483 2739 anuo
505 2672 620 2749 6971'57
646 2695 664 2737 e
694 2673 761 2738 uita
781 2673 928 2738 sublatus
949 2675 1008 2757 sit,
1035 2675 1128 2739 facile
1156 2673 1248 2740 uides

200 2793 260 2856 hac
283 2811 472 2878 quoquere
494 2801 636 2856 nostram
657 2791 876 2857 commendari
898 2791 1097 2858 sententiam.

260 2907 383 2972 Postea
395 2929 492 2995 quam
508 2930 666 2974 summam
679 2931 789 2973 eorum
801 2909 937 2996 quaeda
949 2908 1063 2976 Clodia
1074 2909 1248 2974 memoriae

200 3026 322 3091 tradita
344 3035 419 3088 sunt
438 3023 582 3090 breuiter
603 3025 753 3112 conplexi
775 3049 896 3109 sumus,
927 3025 1087 3114 reliquum
1106 3037 1192 3094 esset
1213 3039 1250 3093 ut

202 3167 336 3208 caussas
352 3143 616 3228 conquireremus
632 3143 749 3231 quibus
761 3141 881 3210 Catulli
894 3143 1043 3209 Lesbiam
1061 3155 1094 3211 et
1104 3143 1250 3211 Clodiam

202 3260 466 3349 quadrantariam
481 3260 616 3326 eandem
632 3261 731 3326 fuisse
742 3261 906 3328 mulierem
914 3263 1134 3350 probaremus.
1157 3274 1191 3329 at
1209 3263 1250 3328 de

201 3379 260 3443 hac
283 3401 319 3442 re
342 3378 375 3442 in
402 3376 622 3442 difficultatem
645 3379 808 3463 quandam
839 3381 1043 3446 incurrimus.
1086 3381 1133 3446 ita
1163 3379 1247 3444 enim

201 3517 251 3560 res
263 3505 444 3582 conparata
454 3504 504 3561 est
514 3505 550 3560 ut
563 3518 624 3561 uon
639 3495 731 3561 aliter
746 3497 785 3561 de
801 3497 940 3562 ueritate
949 3497 1153 3564 coniecturae
1164 3497 1248 3563 illius

203 3705 393 3716 -‚-——-

201 3855 223 3890 a.
243 3840 342 3904 caeles
359 3840 480 3891 Caelium
498 3839 583 3905 ipsum
601 3839 635 3893 ab
652 3841 773 3892 Atratino
791 3841 848 3892 lilio
866 3847 1020 3891 accusatum
1037 3855 1095 3891 csse
1113 3842 1248 3893 eteoclem

202 3941 322 4001 tempore
341 3934 462 3984 Caelium
480 3935 511 3984 L.
529 3935 649 3986 Atratino
667 3939 736 4004 patri
753 3937 849 3988 iterum
867 3934 940 3984 litem
957 3935 1094 3997 indixisse,
1110 3935 1186 3988 nobis
1203 3936 1248 3987 ad·

203 4031 333 4079 sentietur
349 4030 463 4095 priorem
481 4031 565 4081 Caelii
582 4032 608 4081 in
626 4031 773 4082 Atratinum
792 4031 923 4080 actionem
940 4031 1048 4080 exeunti
1065 4045 1134 4080 auno
1152 4030 1248 4095 697l5‘l

202 4121 415 4188 attribuentibus,
433 4125 540 4176 exeunti
558 4141 626 4176 auno
645 4125 767 4187 diximus,
786 4125 848 4188 quia
863 4125 967 4188 Cicero,
985 4125 1100 4174 Anauni
1118 4124 1246 4186 defensor,

203 4228 293 4266 mense
312 4217 458 4282 Septembri
476 4217 578 4268 demum
597 4235 620 4268 a.
638 4217 734 4284 certer
753 4234 787 4268 ex
805 4217 886 4268 exilio
902 4219 988 4269 rediit.

996 4304 1048 4366 5*
