<?xml version="1.0" encoding="UTF-8"?>
<!DOCTYPE html PUBLIC "-//W3C//DTD XHTML 1.0 Transitional//EN"
    "http://www.w3.org/TR/xhtml1/DTD/xhtml1-transitional.dtd">
<html xmlns="http://www.w3.org/1999/xhtml" xml:lang="en" lang="en">
 <head>
  <title>
</title>
<meta http-equiv="Content-Type" content="text/html;charset=utf-8" />
  <meta name='ocr-system' content='tesseract 3.04.00' />
  <meta name='ocr-capabilities' content='ocr_page ocr_carea ocr_par ocr_line ocrx_word'/>
</head>
<body>
  <div class='ocr_page' id='page_1' title='image "./gvalericatvllil01catugoog_0101.png"; bbox 0 0 3342 5200; ppageno 0'>
   <div class='ocr_carea' id='block_1_1' title="bbox 494 615 1254 675">
    <p class='ocr_par' dir='ltr' id='par_1_1' title="bbox 494 615 1254 675">
     <span class='ocr_line' id='line_1_1' title="bbox 494 615 1254 675; baseline 0.005 -8"><span class='ocrx_word' id='word_1_1' title='bbox 494 617 518 667; x_wconf 87' lang='lat' dir='ltr'>V</span> <span class='ocrx_word' id='word_1_2' title='bbox 552 618 602 669; x_wconf 77' lang='lat' dir='ltr'><strong>Du</strong></span> <span class='ocrx_word' id='word_1_3' title='bbox 618 616 798 671; x_wconf 71' lang='lat' dir='ltr'>AHORIBVS</span> <span class='ocrx_word' id='word_1_4' title='bbox 816 615 972 671; x_wconf 70' lang='lat' dir='ltr'><strong>curvum</strong></span> <span class='ocrx_word' id='word_1_5' title='bbox 1208 623 1254 675; x_wconf 83' lang='lat'><strong>101</strong></span> 
     </span>
    </p>
   </div>
   <div class='ocr_carea' id='block_1_2' title="bbox 202 782 1262 2509">
    <p class='ocr_par' dir='ltr' id='par_1_2' title="bbox 206 782 1262 969">
     <span class='ocr_line' id='line_1_2' title="bbox 206 782 1262 872; baseline 0.002 -21"><span class='ocrx_word' id='word_1_6' title='bbox 206 806 396 851; x_wconf 87' lang='lat' dir='ltr'><strong>censeamus</strong></span> <span class='ocrx_word' id='word_1_7' title='bbox 428 782 547 872; x_wconf 87' lang='lat' dir='ltr'><strong>quibus</strong></span> <span class='ocrx_word' id='word_1_8' title='bbox 584 806 680 871; x_wconf 89' lang='lat' dir='ltr'><strong>supra</strong></span> <span class='ocrx_word' id='word_1_9' title='bbox 713 784 827 871; x_wconf 83' lang='lat' dir='ltr'><strong>pulcra</strong></span> <span class='ocrx_word' id='word_1_10' title='bbox 858 783 1010 851; x_wconf 87' lang='lat' dir='ltr'><strong>Clodium</strong></span> <span class='ocrx_word' id='word_1_11' title='bbox 1044 786 1128 853; x_wconf 82' lang='lat' dir='ltr'><strong>facie</strong></span> <span class='ocrx_word' id='word_1_12' title='bbox 1161 786 1262 853; x_wconf 82' lang='lat' dir='ltr'><strong>fuisse</strong></span> 
     </span>
     <span class='ocr_line' id='line_1_3' title="bbox 207 901 512 969; baseline 0 -2"><span class='ocrx_word' id='word_1_13' title='bbox 207 901 512 969; x_wconf 89' lang='lat' dir='ltr'><strong>demonstrauimus.</strong></span> 
     </span>
    </p>

    <p class='ocr_par' dir='ltr' id='par_1_3' title="bbox 203 1017 1261 1922">
     <span class='ocr_line' id='line_1_4' title="bbox 288 1017 1259 1107; baseline 0.002 -22"><span class='ocrx_word' id='word_1_14' title='bbox 288 1020 359 1085; x_wconf 91' lang='lat' dir='ltr'><strong>Iam</strong></span> <span class='ocrx_word' id='word_1_15' title='bbox 390 1017 632 1085; x_wconf 84' lang='lat' dir='ltr'><strong>difficultatibus</strong></span> <span class='ocrx_word' id='word_1_16' title='bbox 661 1018 810 1085; x_wconf 87' lang='lat' dir='ltr'><strong>omnibus</strong></span> <span class='ocrx_word' id='word_1_17' title='bbox 850 1019 983 1085; x_wconf 87' lang='lat' dir='ltr'><strong>remotis</strong></span> <span class='ocrx_word' id='word_1_18' title='bbox 1015 1020 1259 1107; x_wconf 73' lang='lat' dir='ltr'><strong>epigrammatis</strong></span> 
     </span>
     <span class='ocr_line' id='line_1_5' title="bbox 207 1134 1261 1223; baseline 0.003 -22"><span class='ocrx_word' id='word_1_19' title='bbox 207 1156 357 1219; x_wconf 80' lang='lat' dir='ltr'><strong>nxxvuu,</strong></span> <span class='ocrx_word' id='word_1_20' title='bbox 378 1159 397 1200; x_wconf 89' lang='lat' dir='ltr'><strong>a</strong></span> <span class='ocrx_word' id='word_1_21' title='bbox 418 1158 484 1223; x_wconf 92' lang='lat' dir='ltr'><strong>quo</strong></span> <span class='ocrx_word' id='word_1_22' title='bbox 509 1134 751 1223; x_wconf 89' lang='lat' dir='ltr'><strong>interpretando</strong></span> <span class='ocrx_word' id='word_1_23' title='bbox 773 1135 896 1223; x_wconf 84' lang='lat' dir='ltr'><strong>egressi</strong></span> <span class='ocrx_word' id='word_1_24' title='bbox 918 1158 1055 1220; x_wconf 89' lang='lat' dir='ltr'><strong>eramus,</strong></span> <span class='ocrx_word' id='word_1_25' title='bbox 1077 1160 1206 1203; x_wconf 91' lang='lat' dir='ltr'><strong>sensum</strong></span> <span class='ocrx_word' id='word_1_26' title='bbox 1228 1148 1261 1204; x_wconf 90' lang='lat' dir='ltr'><strong>ct</strong></span> 
     </span>
     <span class='ocr_line' id='line_1_6' title="bbox 206 1248 1259 1339; baseline 0.002 -22"><span class='ocrx_word' id='word_1_27' title='bbox 206 1251 300 1339; x_wconf 90' lang='lat' dir='ltr'><strong>quasi</strong></span> <span class='ocrx_word' id='word_1_28' title='bbox 332 1273 468 1318; x_wconf 89' lang='lat' dir='ltr'><strong>acumen</strong></span> <span class='ocrx_word' id='word_1_29' title='bbox 488 1252 600 1339; x_wconf 82' lang='lat' dir='ltr'><strong>paucis</strong></span> <span class='ocrx_word' id='word_1_30' title='bbox 629 1252 737 1320; x_wconf 90' lang='lat' dir='ltr'><strong>uerbis</strong></span> <span class='ocrx_word' id='word_1_31' title='bbox 767 1252 934 1339; x_wconf 87' lang='lat' dir='ltr'><strong>explicare</strong></span> <span class='ocrx_word' id='word_1_32' title='bbox 955 1252 1040 1321; x_wconf 89' lang='lat' dir='ltr'><strong>licet.</strong></span> <span class='ocrx_word' id='word_1_33' title='bbox 1075 1248 1259 1337; x_wconf 65' lang='lat' dir='ltr'><strong>Clodium,</strong></span> 
     </span>
     <span class='ocr_line' id='line_1_7' title="bbox 207 1362 1261 1459; baseline 0.001 -25"><span class='ocrx_word' id='word_1_34' title='bbox 207 1369 314 1457; x_wconf 90' lang='lat' dir='ltr'><strong>inquit</strong></span> <span class='ocrx_word' id='word_1_35' title='bbox 344 1366 513 1451; x_wconf 82' lang='lat' dir='ltr'><strong>Catullus,</strong></span> <span class='ocrx_word' id='word_1_36' title='bbox 545 1362 751 1456; x_wconf 88' lang='lat' dir='ltr'><strong>‘quamquam</strong></span> <span class='ocrx_word' id='word_1_37' title='bbox 773 1378 807 1435; x_wconf 93' lang='lat' dir='ltr'><strong>et</strong></span> <span class='ocrx_word' id='word_1_38' title='bbox 828 1368 958 1434; x_wconf 89' lang='lat' dir='ltr'><strong>nomine</strong></span> <span class='ocrx_word' id='word_1_39' title='bbox 988 1378 1023 1438; x_wconf 88' lang='lat' dir='ltr'><strong>et</strong></span> <span class='ocrx_word' id='word_1_40' title='bbox 1042 1369 1126 1437; x_wconf 84' lang='lat' dir='ltr'><strong>facie</strong></span> <span class='ocrx_word' id='word_1_41' title='bbox 1147 1372 1261 1459; x_wconf 87' lang='lat' dir='ltr'><strong>pulcer</strong></span> 
     </span>
     <span class='ocr_line' id='line_1_8' title="bbox 205 1482 1261 1574; baseline 0.003 -24"><span class='ocrx_word' id='word_1_42' title='bbox 205 1494 254 1550; x_wconf 91' lang='lat' dir='ltr'><strong>est</strong></span> <span class='ocrx_word' id='word_1_43' title='bbox 276 1493 310 1549; x_wconf 88' lang='lat' dir='ltr'><strong>et</strong></span> <span class='ocrx_word' id='word_1_44' title='bbox 331 1486 391 1551; x_wconf 89' lang='lat' dir='ltr'><strong>hac</strong></span> <span class='ocrx_word' id='word_1_45' title='bbox 407 1485 447 1551; x_wconf 92' lang='lat' dir='ltr'><strong>de</strong></span> <span class='ocrx_word' id='word_1_46' title='bbox 469 1507 582 1551; x_wconf 77' lang='lat' dir='ltr'><strong>caussa</strong></span> <span class='ocrx_word' id='word_1_47' title='bbox 597 1508 617 1551; x_wconf 88' lang='lat' dir='ltr'><strong>a</strong></span> <span class='ocrx_word' id='word_1_48' title='bbox 632 1482 747 1551; x_wconf 90' lang='lat' dir='ltr'><strong>Clodia</strong></span> <span class='ocrx_word' id='word_1_49' title='bbox 764 1483 894 1551; x_wconf 90' lang='lat' dir='ltr'><strong>Catullo</strong></span> <span class='ocrx_word' id='word_1_50' title='bbox 908 1487 1129 1574; x_wconf 65' lang='lat' dir='ltr'><strong>praeponitur,</strong></span> <span class='ocrx_word' id='word_1_51' title='bbox 1151 1497 1261 1554; x_wconf 89' lang='lat' dir='ltr'><strong>tamen</strong></span> 
     </span>
     <span class='ocr_line' id='line_1_9' title="bbox 204 1600 1260 1693; baseline 0.001 -24"><span class='ocrx_word' id='word_1_52' title='bbox 204 1610 336 1690; x_wconf 86' lang='lat' dir='ltr'><strong>praeter</strong></span> <span class='ocrx_word' id='word_1_53' title='bbox 363 1600 512 1669; x_wconf 82' lang='lat' dir='ltr'><strong>Clodiam</strong></span> <span class='ocrx_word' id='word_1_54' title='bbox 542 1622 637 1667; x_wconf 91' lang='lat' dir='ltr'><strong>nemo</strong></span> <span class='ocrx_word' id='word_1_55' title='bbox 665 1609 760 1667; x_wconf 87' lang='lat' dir='ltr'><strong>natus</strong></span> <span class='ocrx_word' id='word_1_56' title='bbox 793 1604 858 1684; x_wconf 91' lang='lat' dir='ltr'><strong>(est</strong></span> <span class='ocrx_word' id='word_1_57' title='bbox 894 1604 980 1667; x_wconf 90' lang='lat' dir='ltr'><strong>enim</strong></span> <span class='ocrx_word' id='word_1_58' title='bbox 1008 1625 1082 1668; x_wconf 90' lang='lat' dir='ltr'><strong>cum</strong></span> <span class='ocrx_word' id='word_1_59' title='bbox 1113 1602 1260 1693; x_wconf 83' lang='lat' dir='ltr'><strong>Hauptio</strong></span> 
     </span>
     <span class='ocr_line' id='line_1_10' title="bbox 203 1717 1259 1804; baseline 0.004 -20"><span class='ocrx_word' id='word_1_60' title='bbox 203 1731 348 1785; x_wconf 72' lang='lat' dir='ltr'><strong>menon</strong></span> <span class='ocrx_word' id='word_1_61' title='bbox 368 1717 558 1804; x_wconf 87' lang='lat' dir='ltr'><strong>legendum)</strong></span> <span class='ocrx_word' id='word_1_62' title='bbox 581 1719 759 1798; x_wconf 89' lang='lat' dir='ltr'><strong>osculatur,</strong></span> <span class='ocrx_word' id='word_1_63' title='bbox 793 1738 904 1785; x_wconf 91' lang='lat' dir='ltr'><strong>omnes</strong></span> <span class='ocrx_word' id='word_1_64' title='bbox 936 1720 1020 1784; x_wconf 90' lang='lat' dir='ltr'><strong>enim</strong></span> <span class='ocrx_word' id='word_1_65' title='bbox 1051 1718 1122 1787; x_wconf 90' lang='lat' dir='ltr'><strong>eius</strong></span> <span class='ocrx_word' id='word_1_66' title='bbox 1150 1744 1187 1787; x_wconf 95' lang='lat' dir='ltr'><strong>os</strong></span> <span class='ocrx_word' id='word_1_67' title='bbox 1214 1722 1259 1788; x_wconf 88' lang='lat' dir='ltr'><strong>iu·</strong></span> 
     </span>
     <span class='ocr_line' id='line_1_11' title="bbox 203 1824 495 1922; baseline -0.007 -21"><span class='ocrx_word' id='word_1_68' title='bbox 203 1858 322 1922; x_wconf 89' lang='lat' dir='ltr'><strong>purum</strong></span> <span class='ocrx_word' id='word_1_69' title='bbox 343 1824 495 1922; x_wconf 82' lang='lat' dir='ltr'><strong>fugiunt&#39;.</strong></span> 
     </span>
    </p>

    <p class='ocr_par' dir='ltr' id='par_1_4' title="bbox 202 1948 1261 2509">
     <span class='ocr_line' id='line_1_12' title="bbox 287 1948 1260 2040; baseline 0.002 -23"><span class='ocrx_word' id='word_1_70' title='bbox 287 1948 442 2017; x_wconf 88' lang='lat' dir='ltr'><strong>Carmine</strong></span> <span class='ocrx_word' id='word_1_71' title='bbox 464 1971 597 2017; x_wconf 80' lang='lat' dir='ltr'><strong>uxxvnu</strong></span> <span class='ocrx_word' id='word_1_72' title='bbox 619 1950 789 2040; x_wconf 73' lang='lat' dir='ltr'><strong>[explicato</strong></span> <span class='ocrx_word' id='word_1_73' title='bbox 817 1962 929 2039; x_wconf 91' lang='lat' dir='ltr'><strong>aptum</strong></span> <span class='ocrx_word' id='word_1_74' title='bbox 962 1952 1090 2019; x_wconf 90' lang='lat' dir='ltr'><strong>uidetur</strong></span> <span class='ocrx_word' id='word_1_75' title='bbox 1119 1975 1190 2019; x_wconf 88' lang='lat' dir='ltr'><strong>esse</strong></span> <span class='ocrx_word' id='word_1_76' title='bbox 1219 1954 1260 2020; x_wconf 89' lang='lat' dir='ltr'><strong>do</strong></span> 
     </span>
     <span class='ocr_line' id='line_1_13' title="bbox 202 2055 1261 2159; baseline 0.002 -24"><span class='ocrx_word' id='word_1_77' title='bbox 202 2067 399 2135; x_wconf 82' lang='lat' dir='ltr'><strong>carminibus</strong></span> <span class='ocrx_word' id='word_1_78' title='bbox 430 2055 555 2156; x_wconf 79' lang='lat' dir='ltr'><strong>septem</strong></span> <span class='ocrx_word' id='word_1_79' title='bbox 588 2091 672 2157; x_wconf 92' lang='lat' dir='ltr'><strong>quae</strong></span> <span class='ocrx_word' id='word_1_80' title='bbox 704 2069 737 2135; x_wconf 90' lang='lat' dir='ltr'><strong>in</strong></span> <span class='ocrx_word' id='word_1_81' title='bbox 772 2068 917 2135; x_wconf 85' lang='lat' dir='ltr'><strong>Gellium</strong></span> <span class='ocrx_word' id='word_1_82' title='bbox 948 2068 1111 2158; x_wconf 91' lang='lat' dir='ltr'><strong>quendam</strong></span> <span class='ocrx_word' id='word_1_83' title='bbox 1141 2070 1261 2159; x_wconf 88' lang='lat' dir='ltr'><strong>scripta</strong></span> 
     </span>
     <span class='ocr_line' id='line_1_14' title="bbox 204 2186 1259 2274; baseline 0 -22"><span class='ocrx_word' id='word_1_84' title='bbox 204 2196 278 2253; x_wconf 90' lang='lat' dir='ltr'><strong>sunt</strong></span> <span class='ocrx_word' id='word_1_85' title='bbox 306 2208 413 2274; x_wconf 91' lang='lat' dir='ltr'><strong>pauca</strong></span> <span class='ocrx_word' id='word_1_86' title='bbox 440 2208 618 2274; x_wconf 80' lang='lat' dir='ltr'><strong>exponere,</strong></span> <span class='ocrx_word' id='word_1_87' title='bbox 651 2208 723 2251; x_wconf 89' lang='lat' dir='ltr'><strong>oum</strong></span> <span class='ocrx_word' id='word_1_88' title='bbox 746 2208 785 2253; x_wconf 91' lang='lat' dir='ltr'><strong>ea</strong></span> <span class='ocrx_word' id='word_1_89' title='bbox 806 2186 920 2251; x_wconf 87' lang='lat' dir='ltr'><strong>eodem</strong></span> <span class='ocrx_word' id='word_1_90' title='bbox 941 2187 1009 2251; x_wconf 82' lang='lat' dir='ltr'><strong>fero</strong></span> <span class='ocrx_word' id='word_1_91' title='bbox 1029 2194 1175 2273; x_wconf 90' lang='lat' dir='ltr'><strong>tempore</strong></span> <span class='ocrx_word' id='word_1_92' title='bbox 1194 2209 1259 2274; x_wconf 91' lang='lat' dir='ltr'><strong>quo</strong></span> 
     </span>
     <span class='ocr_line' id='line_1_15' title="bbox 204 2301 1260 2392; baseline 0 -23"><span class='ocrx_word' id='word_1_93' title='bbox 204 2302 436 2392; x_wconf 85' lang='lat' dir='ltr'><strong>praecedentia</strong></span> <span class='ocrx_word' id='word_1_94' title='bbox 465 2303 632 2391; x_wconf 89' lang='lat' dir='ltr'><strong>conposita</strong></span> <span class='ocrx_word' id='word_1_95' title='bbox 653 2312 686 2369; x_wconf 91' lang='lat' dir='ltr'><strong>et</strong></span> <span class='ocrx_word' id='word_1_96' title='bbox 711 2303 751 2369; x_wconf 89' lang='lat' dir='ltr'><strong>ad</strong></span> <span class='ocrx_word' id='word_1_97' title='bbox 776 2302 898 2369; x_wconf 88' lang='lat' dir='ltr'><strong>Catulli</strong></span> <span class='ocrx_word' id='word_1_98' title='bbox 919 2314 952 2369; x_wconf 92' lang='lat' dir='ltr'><strong>et</strong></span> <span class='ocrx_word' id='word_1_99' title='bbox 980 2301 1112 2370; x_wconf 90' lang='lat' dir='ltr'><strong>Clodiae</strong></span> <span class='ocrx_word' id='word_1_100' title='bbox 1134 2326 1260 2371; x_wconf 89' lang='lat' dir='ltr'><strong>amores</strong></span> 
     </span>
     <span class='ocr_line' id='line_1_16' title="bbox 204 2420 1261 2509; baseline 0 -23"><span class='ocrx_word' id='word_1_101' title='bbox 204 2422 276 2509; x_wconf 93' lang='lat' dir='ltr'><strong>ipsa</strong></span> <span class='ocrx_word' id='word_1_102' title='bbox 292 2443 423 2509; x_wconf 90' lang='lat' dir='ltr'><strong>quoque</strong></span> <span class='ocrx_word' id='word_1_103' title='bbox 441 2421 609 2487; x_wconf 85' lang='lat' dir='ltr'><strong>referenda</strong></span> <span class='ocrx_word' id='word_1_104' title='bbox 627 2442 698 2486; x_wconf 89' lang='lat' dir='ltr'><strong>esse</strong></span> <span class='ocrx_word' id='word_1_105' title='bbox 714 2423 822 2485; x_wconf 90' lang='lat' dir='ltr'><strong>omnia</strong></span> <span class='ocrx_word' id='word_1_106' title='bbox 840 2420 1071 2487; x_wconf 81' lang='lat' dir='ltr'><strong>demonstrent</strong></span> <span class='ocrx_word' id='word_1_107' title='bbox 1094 2422 1261 2509; x_wconf 88' lang='lat' dir='ltr'><strong>quaeritur</strong></span> 
     </span>
    </p>
   </div>
   <div class='ocr_carea' id='block_1_3' title="bbox 87 2535 1260 2626">
    <p class='ocr_par' dir='ltr' id='par_1_5' title="bbox 87 2535 1260 2626">
     <span class='ocr_line' id='line_1_17' title="bbox 87 2535 1260 2626; baseline 0.003 -24"><span class='ocrx_word' id='word_1_108' title='bbox 87 2568 88 2571; x_wconf 38' lang='lat'>¹</span> <span class='ocrx_word' id='word_1_109' title='bbox 205 2546 315 2604; x_wconf 89' lang='lat' dir='ltr'><strong>autem</strong></span> <span class='ocrx_word' id='word_1_110' title='bbox 330 2537 402 2624; x_wconf 91' lang='lat' dir='ltr'><strong>quis</strong></span> <span class='ocrx_word' id='word_1_111' title='bbox 419 2536 544 2606; x_wconf 86' lang='lat' dir='ltr'><strong>Gellius</strong></span> <span class='ocrx_word' id='word_1_112' title='bbox 560 2536 698 2604; x_wconf 85' lang='lat' dir='ltr'><strong>fueritis</strong></span> <span class='ocrx_word' id='word_1_113' title='bbox 713 2558 809 2626; x_wconf 88' lang='lat' dir='ltr'><strong>quem</strong></span> <span class='ocrx_word' id='word_1_114' title='bbox 825 2535 974 2606; x_wconf 81' lang='lat' dir='ltr'><strong>Catullus</strong></span> <span class='ocrx_word' id='word_1_115' title='bbox 986 2538 1183 2606; x_wconf 89' lang='lat' dir='ltr'><strong>carminibus</strong></span> <span class='ocrx_word' id='word_1_116' title='bbox 1197 2538 1260 2606; x_wconf 91' lang='lat' dir='ltr'><strong>illis</strong></span> 
     </span>
    </p>
   </div>
   <div class='ocr_carea' id='block_1_4' title="bbox 203 2653 1261 4263">
    <p class='ocr_par' dir='ltr' id='par_1_6' title="bbox 203 2653 1261 4263">
     <span class='ocr_line' id='line_1_18' title="bbox 206 2653 1260 2743; baseline -0.002 -21"><span class='ocrx_word' id='word_1_117' title='bbox 206 2653 392 2742; x_wconf 87' lang='lat' dir='ltr'><strong>castigauit.</strong></span> <span class='ocrx_word' id='word_1_118' title='bbox 421 2654 541 2743; x_wconf 89' lang='lat' dir='ltr'><strong>quade</strong></span> <span class='ocrx_word' id='word_1_119' title='bbox 562 2677 599 2722; x_wconf 90' lang='lat' dir='ltr'><strong>re</strong></span> <span class='ocrx_word' id='word_1_120' title='bbox 620 2655 711 2742; x_wconf 85' lang='lat' dir='ltr'><strong>prius</strong></span> <span class='ocrx_word' id='word_1_121' title='bbox 724 2677 822 2743; x_wconf 91' lang='lat' dir='ltr'><strong>quam</strong></span> <span class='ocrx_word' id='word_1_122' title='bbox 843 2654 1029 2721; x_wconf 87' lang='lat' dir='ltr'><strong>adcuratius</strong></span> <span class='ocrx_word' id='word_1_123' title='bbox 1049 2653 1260 2742; x_wconf 88' lang='lat' dir='ltr'><strong>disputamus,</strong></span> 
     </span>
     <span class='ocr_line' id='line_1_19' title="bbox 204 2770 1260 2860; baseline -0.001 -21"><span class='ocrx_word' id='word_1_124' title='bbox 204 2795 270 2839; x_wconf 89' lang='lat' dir='ltr'><strong>non</strong></span> <span class='ocrx_word' id='word_1_125' title='bbox 292 2772 381 2836; x_wconf 88' lang='lat' dir='ltr'><strong>nulla</strong></span> <span class='ocrx_word' id='word_1_126' title='bbox 403 2770 444 2835; x_wconf 92' lang='lat' dir='ltr'><strong>de</strong></span> <span class='ocrx_word' id='word_1_127' title='bbox 464 2771 658 2838; x_wconf 88' lang='lat' dir='ltr'><strong>carminibus</strong></span> <span class='ocrx_word' id='word_1_128' title='bbox 681 2772 757 2860; x_wconf 91' lang='lat' dir='ltr'><strong>ipsis</strong></span> <span class='ocrx_word' id='word_1_129' title='bbox 780 2771 918 2838; x_wconf 90' lang='lat' dir='ltr'><strong>dicenda</strong></span> <span class='ocrx_word' id='word_1_130' title='bbox 938 2781 1031 2855; x_wconf 89' lang='lat' dir='ltr'><strong>sunt,</strong></span> <span class='ocrx_word' id='word_1_131' title='bbox 1062 2781 1099 2836; x_wconf 88' lang='lat' dir='ltr'><strong>ut</strong></span> <span class='ocrx_word' id='word_1_132' title='bbox 1121 2793 1205 2858; x_wconf 92' lang='lat' dir='ltr'><strong>quae</strong></span> <span class='ocrx_word' id='word_1_133' title='bbox 1227 2783 1260 2838; x_wconf 90' lang='lat' dir='ltr'><strong>ct</strong></span> 
     </span>
     <span class='ocr_line' id='line_1_20' title="bbox 206 2888 1260 2978; baseline -0.002 -22"><span class='ocrx_word' id='word_1_134' title='bbox 206 2888 316 2978; x_wconf 89' lang='lat' dir='ltr'><strong>qualia</strong></span> <span class='ocrx_word' id='word_1_135' title='bbox 337 2889 437 2954; x_wconf 87' lang='lat' dir='ltr'><strong>insint</strong></span> <span class='ocrx_word' id='word_1_136' title='bbox 458 2899 556 2977; x_wconf 88' lang='lat' dir='ltr'><strong>atque</strong></span> <span class='ocrx_word' id='word_1_137' title='bbox 577 2910 641 2976; x_wconf 91' lang='lat' dir='ltr'><strong>quo</strong></span> <span class='ocrx_word' id='word_1_138' title='bbox 665 2889 777 2956; x_wconf 88' lang='lat' dir='ltr'><strong>ordine</strong></span> <span class='ocrx_word' id='word_1_139' title='bbox 799 2898 831 2953; x_wconf 88' lang='lat' dir='ltr'><strong>et</strong></span> <span class='ocrx_word' id='word_1_140' title='bbox 853 2911 948 2976; x_wconf 89' lang='lat' dir='ltr'><strong>quem</strong></span> <span class='ocrx_word' id='word_1_141' title='bbox 971 2888 1013 2953; x_wconf 92' lang='lat' dir='ltr'><strong>ad</strong></span> <span class='ocrx_word' id='word_1_142' title='bbox 1028 2889 1125 2954; x_wconf 86' lang='lat' dir='ltr'><strong>finem</strong></span> <span class='ocrx_word' id='word_1_143' title='bbox 1140 2888 1260 2976; x_wconf 89' lang='lat' dir='ltr'><strong>scripta</strong></span> 
     </span>
     <span class='ocr_line' id='line_1_21' title="bbox 205 3004 1259 3093; baseline -0.001 -21"><span class='ocrx_word' id='word_1_144' title='bbox 205 3005 268 3072; x_wconf 87' lang='lat' dir='ltr'><strong>sint</strong></span> <span class='ocrx_word' id='word_1_145' title='bbox 300 3005 437 3071; x_wconf 87' lang='lat' dir='ltr'><strong>eluceat.</strong></span> <span class='ocrx_word' id='word_1_146' title='bbox 480 3005 606 3072; x_wconf 86' lang='lat' dir='ltr'><strong>Gellius</strong></span> <span class='ocrx_word' id='word_1_147' title='bbox 639 3006 741 3092; x_wconf 84' lang='lat' dir='ltr'><strong>igitur</strong></span> <span class='ocrx_word' id='word_1_148' title='bbox 774 3004 827 3069; x_wconf 88' lang='lat' dir='ltr'><strong>illo</strong></span> <span class='ocrx_word' id='word_1_149' title='bbox 859 3006 1056 3093; x_wconf 88' lang='lat' dir='ltr'><strong>quicumque</strong></span> <span class='ocrx_word' id='word_1_150' title='bbox 1091 3006 1154 3071; x_wconf 86' lang='lat' dir='ltr'><strong>fuit</strong></span> <span class='ocrx_word' id='word_1_151' title='bbox 1186 3028 1259 3072; x_wconf 91' lang='lat' dir='ltr'><strong>cum</strong></span> 
     </span>
     <span class='ocr_line' id='line_1_22' title="bbox 206 3122 1258 3210; baseline 0 -21"><span class='ocrx_word' id='word_1_152' title='bbox 206 3123 327 3190; x_wconf 87' lang='lat' dir='ltr'><strong>Lesbia</strong></span> <span class='ocrx_word' id='word_1_153' title='bbox 354 3123 581 3190; x_wconf 86' lang='lat' dir='ltr'><strong>commercium</strong></span> <span class='ocrx_word' id='word_1_154' title='bbox 610 3122 774 3210; x_wconf 90' lang='lat' dir='ltr'><strong>quoddam</strong></span> <span class='ocrx_word' id='word_1_155' title='bbox 796 3123 983 3210; x_wconf 91' lang='lat' dir='ltr'><strong>inpudicum</strong></span> <span class='ocrx_word' id='word_1_156' title='bbox 1005 3122 1126 3189; x_wconf 83' lang='lat' dir='ltr'><strong>habuit</strong></span> <span class='ocrx_word' id='word_1_157' title='bbox 1169 3122 1258 3208; x_wconf 90' lang='lat' dir='ltr'><strong>quod</strong></span> 
     </span>
     <span class='ocr_line' id='line_1_23' title="bbox 206 3238 1259 3328; baseline -0.001 -23"><span class='ocrx_word' id='word_1_158' title='bbox 206 3263 278 3306; x_wconf 90' lang='lat' dir='ltr'><strong>cum</strong></span> <span class='ocrx_word' id='word_1_159' title='bbox 312 3238 461 3308; x_wconf 86' lang='lat' dir='ltr'><strong>Catullus</strong></span> <span class='ocrx_word' id='word_1_160' title='bbox 492 3239 700 3326; x_wconf 81' lang='lat' dir='ltr'><strong>cognouisset</strong></span> <span class='ocrx_word' id='word_1_161' title='bbox 732 3261 871 3328; x_wconf 90' lang='lat' dir='ltr'><strong>cumque</strong></span> <span class='ocrx_word' id='word_1_162' title='bbox 902 3238 1114 3305; x_wconf 86' lang='lat' dir='ltr'><strong>intellexisset</strong></span> <span class='ocrx_word' id='word_1_163' title='bbox 1148 3261 1259 3304; x_wconf 91' lang='lat' dir='ltr'><strong>omnes</strong></span> 
     </span>
     <span class='ocr_line' id='line_1_24' title="bbox 206 3356 1259 3444; baseline -0.002 -22"><span class='ocrx_word' id='word_1_164' title='bbox 206 3375 319 3444; x_wconf 89' lang='lat' dir='ltr'><strong>preces</strong></span> <span class='ocrx_word' id='word_1_165' title='bbox 351 3364 383 3420; x_wconf 88' lang='lat' dir='ltr'><strong>et</strong></span> <span class='ocrx_word' id='word_1_166' title='bbox 413 3356 553 3421; x_wconf 84' lang='lat' dir='ltr'><strong>studium</strong></span> <span class='ocrx_word' id='word_1_167' title='bbox 585 3377 680 3422; x_wconf 90' lang='lat' dir='ltr'><strong>omne</strong></span> <span class='ocrx_word' id='word_1_168' title='bbox 709 3379 728 3422; x_wconf 96' lang='lat' dir='ltr'><strong>a</strong></span> <span class='ocrx_word' id='word_1_169' title='bbox 756 3379 792 3422; x_wconf 89' lang='lat' dir='ltr'><strong>se</strong></span> <span class='ocrx_word' id='word_1_170' title='bbox 821 3357 856 3422; x_wconf 89' lang='lat' dir='ltr'><strong>in</strong></span> <span class='ocrx_word' id='word_1_171' title='bbox 886 3378 924 3422; x_wconf 88' lang='lat' dir='ltr'><strong>co</strong></span> <span class='ocrx_word' id='word_1_172' title='bbox 958 3356 1023 3422; x_wconf 86' lang='lat' dir='ltr'><strong>fine</strong></span> <span class='ocrx_word' id='word_1_173' title='bbox 1055 3357 1259 3422; x_wconf 90' lang='lat' dir='ltr'><strong>conlocatum</strong></span> 
     </span>
     <span class='ocr_line' id='line_1_25' title="bbox 205 3471 1260 3557; baseline 0 -19"><span class='ocrx_word' id='word_1_174' title='bbox 205 3483 240 3540; x_wconf 90' lang='lat' dir='ltr'><strong>ut</strong></span> <span class='ocrx_word' id='word_1_175' title='bbox 260 3471 390 3540; x_wconf 87' lang='lat' dir='ltr'><strong>Gellius</strong></span> <span class='ocrx_word' id='word_1_176' title='bbox 419 3471 570 3548; x_wconf 84' lang='lat' dir='ltr'><strong>Lesbiam</strong></span> <span class='ocrx_word' id='word_1_177' title='bbox 599 3495 708 3538; x_wconf 91' lang='lat' dir='ltr'><strong>amare</strong></span> <span class='ocrx_word' id='word_1_178' title='bbox 730 3472 918 3557; x_wconf 87' lang='lat' dir='ltr'><strong>desisteret,</strong></span> <span class='ocrx_word' id='word_1_179' title='bbox 949 3472 1068 3538; x_wconf 84' lang='lat' dir='ltr'><strong>frustra</strong></span> <span class='ocrx_word' id='word_1_180' title='bbox 1090 3472 1152 3537; x_wconf 87' lang='lat' dir='ltr'><strong>sibi</strong></span> <span class='ocrx_word' id='word_1_181' title='bbox 1184 3493 1260 3538; x_wconf 92' lang='lat' dir='ltr'><strong>con-</strong></span> 
     </span>
     <span class='ocr_line' id='line_1_26' title="bbox 205 3588 1260 3678; baseline -0.003 -21"><span class='ocrx_word' id='word_1_182' title='bbox 205 3599 370 3678; x_wconf 90' lang='lat' dir='ltr'><strong>sumptum</strong></span> <span class='ocrx_word' id='word_1_183' title='bbox 400 3610 470 3654; x_wconf 90' lang='lat' dir='ltr'><strong>esse</strong></span> <span class='ocrx_word' id='word_1_184' title='bbox 481 3637 490 3671; x_wconf 94' lang='lat'><strong>,</strong></span> <span class='ocrx_word' id='word_1_185' title='bbox 523 3590 622 3654; x_wconf 91' lang='lat' dir='ltr'><strong>immo</strong></span> <span class='ocrx_word' id='word_1_186' title='bbox 656 3611 730 3656; x_wconf 92' lang='lat' dir='ltr'><strong>oum</strong></span> <span class='ocrx_word' id='word_1_187' title='bbox 761 3612 799 3656; x_wconf 92' lang='lat' dir='ltr'><strong>eo</strong></span> <span class='ocrx_word' id='word_1_188' title='bbox 832 3590 1023 3656; x_wconf 89' lang='lat' dir='ltr'><strong>insolentiae</strong></span> <span class='ocrx_word' id='word_1_189' title='bbox 1044 3610 1184 3677; x_wconf 85' lang='lat' dir='ltr'><strong>nequam</strong></span> <span class='ocrx_word' id='word_1_190' title='bbox 1207 3588 1260 3654; x_wconf 89' lang='lat' dir='ltr'><strong>ille</strong></span> 
     </span>
     <span class='ocr_line' id='line_1_27' title="bbox 204 3705 1261 3795; baseline -0.001 -21"><span class='ocrx_word' id='word_1_191' title='bbox 204 3709 300 3775; x_wconf 90' lang='lat' dir='ltr'><strong>bomo</strong></span> <span class='ocrx_word' id='word_1_192' title='bbox 322 3707 535 3794; x_wconf 88' lang='lat' dir='ltr'><strong>processisset</strong></span> <span class='ocrx_word' id='word_1_193' title='bbox 557 3718 592 3773; x_wconf 89' lang='lat' dir='ltr'><strong>ut</strong></span> <span class='ocrx_word' id='word_1_194' title='bbox 614 3707 777 3774; x_wconf 91' lang='lat' dir='ltr'><strong>Catullum</strong></span> <span class='ocrx_word' id='word_1_195' title='bbox 799 3707 940 3795; x_wconf 87' lang='lat' dir='ltr'><strong>turpiter</strong></span> <span class='ocrx_word' id='word_1_196' title='bbox 961 3705 1117 3772; x_wconf 91' lang='lat' dir='ltr'><strong>aLesbia</strong></span> <span class='ocrx_word' id='word_1_197' title='bbox 1137 3705 1261 3794; x_wconf 86' lang='lat' dir='ltr'><strong>perfida</strong></span> 
     </span>
     <span class='ocr_line' id='line_1_28' title="bbox 204 3822 1260 3913; baseline -0.004 -23"><span class='ocrx_word' id='word_1_198' title='bbox 204 3825 369 3892; x_wconf 82' lang='lat' dir='ltr'><strong>desertum</strong></span> <span class='ocrx_word' id='word_1_199' title='bbox 392 3825 616 3902; x_wconf 88' lang='lat' dir='ltr'><strong>cauillaretur,</strong></span> <span class='ocrx_word' id='word_1_200' title='bbox 648 3834 745 3913; x_wconf 87' lang='lat' dir='ltr'><strong>poeta</strong></span> <span class='ocrx_word' id='word_1_201' title='bbox 766 3845 888 3912; x_wconf 88' lang='lat' dir='ltr'><strong>poenas</strong></span> <span class='ocrx_word' id='word_1_202' title='bbox 916 3822 1123 3910; x_wconf 82' lang='lat' dir='ltr'><strong>grauissimas</strong></span> <span class='ocrx_word' id='word_1_203' title='bbox 1143 3823 1184 3888; x_wconf 87' lang='lat' dir='ltr'><strong>ab</strong></span> <span class='ocrx_word' id='word_1_204' title='bbox 1206 3822 1260 3887; x_wconf 96' lang='lat' dir='ltr'><strong>illo</strong></span> 
     </span>
     <span class='ocr_line' id='line_1_29' title="bbox 203 3939 1258 4030; baseline -0.005 -22"><span class='ocrx_word' id='word_1_205' title='bbox 203 3965 260 4030; x_wconf 86' lang='lat' dir='ltr'><strong>pro</strong></span> <span class='ocrx_word' id='word_1_206' title='bbox 283 3963 319 4008; x_wconf 89' lang='lat' dir='ltr'><strong>se</strong></span> <span class='ocrx_word' id='word_1_207' title='bbox 335 3951 488 4029; x_wconf 91' lang='lat' dir='ltr'><strong>capturus</strong></span> <span class='ocrx_word' id='word_1_208' title='bbox 504 3941 649 4010; x_wconf 81' lang='lat' dir='ltr'><strong>Gellium</strong></span> <span class='ocrx_word' id='word_1_209' title='bbox 671 3941 912 4029; x_wconf 85' lang='lat' dir='ltr'><strong>epigrammatis</strong></span> <span class='ocrx_word' id='word_1_210' title='bbox 928 3962 1026 4028; x_wconf 91' lang='lat' dir='ltr'><strong>quam</strong></span> <span class='ocrx_word' id='word_1_211' title='bbox 1046 3939 1258 4007; x_wconf 88' lang='lat' dir='ltr'><strong>acerbissimis</strong></span> 
     </span>
     <span class='ocr_line' id='line_1_30' title="bbox 203 4058 1258 4146; baseline -0.002 -22"><span class='ocrx_word' id='word_1_212' title='bbox 203 4059 376 4126; x_wconf 88' lang='lat' dir='ltr'><strong>concidero</strong></span> <span class='ocrx_word' id='word_1_213' title='bbox 398 4058 484 4145; x_wconf 89' lang='lat' dir='ltr'><strong>apud</strong></span> <span class='ocrx_word' id='word_1_214' title='bbox 506 4081 540 4124; x_wconf 89' lang='lat' dir='ltr'><strong>se</strong></span> <span class='ocrx_word' id='word_1_215' title='bbox 562 4059 736 4126; x_wconf 85' lang='lat' dir='ltr'><strong>constituit.</strong></span> <span class='ocrx_word' id='word_1_216' title='bbox 780 4059 860 4124; x_wconf 92' lang='lat' dir='ltr'><strong>haec</strong></span> <span class='ocrx_word' id='word_1_217' title='bbox 883 4080 967 4146; x_wconf 89' lang='lat' dir='ltr'><strong>quae</strong></span> <span class='ocrx_word' id='word_1_218' title='bbox 982 4058 1049 4124; x_wconf 88' lang='lat' dir='ltr'><strong>dixi</strong></span> <span class='ocrx_word' id='word_1_219' title='bbox 1067 4059 1100 4123; x_wconf 92' lang='lat' dir='ltr'><strong>in</strong></span> <span class='ocrx_word' id='word_1_220' title='bbox 1117 4058 1258 4123; x_wconf 86' lang='lat' dir='ltr'><strong>carmine</strong></span> 
     </span>
     <span class='ocr_line' id='line_1_31' title="bbox 204 4174 1259 4263; baseline -0.004 -19"><span class='ocrx_word' id='word_1_221' title='bbox 204 4197 280 4244; x_wconf 78' lang='lat' dir='ltr'><strong>cxvi</strong></span> <span class='ocrx_word' id='word_1_222' title='bbox 305 4175 409 4262; x_wconf 78' lang='lat' dir='ltr'><strong>Saepe</strong></span> <span class='ocrx_word' id='word_1_223' title='bbox 424 4177 484 4242; x_wconf 78' lang='lat' dir='ltr'><strong>tibi</strong></span> <span class='ocrx_word' id='word_1_224' title='bbox 502 4178 635 4244; x_wconf 82' lang='lat' dir='ltr'><strong>studioso</strong></span> <span class='ocrx_word' id='word_1_225' title='bbox 655 4177 758 4242; x_wconf 81' lang='lat' dir='ltr'><strong>animo</strong></span> <span class='ocrx_word' id='word_1_226' title='bbox 779 4189 908 4243; x_wconf 75' lang='lat' dir='ltr'><strong>ucocme</strong></span> <span class='ocrx_word' id='word_1_227' title='bbox 921 4177 1086 4263; x_wconf 78' lang='lat' dir='ltr'><strong>requirens</strong></span> <span class='ocrx_word' id='word_1_228' title='bbox 1107 4174 1148 4241; x_wconf 91' lang='lat' dir='ltr'><strong>ab</strong></span> <span class='ocrx_word' id='word_1_229' title='bbox 1163 4176 1259 4241; x_wconf 91' lang='lat' dir='ltr'><strong>inter·</strong></span> 
     </span>
    </p>
   </div>
   <div class='ocr_carea' id='block_1_5' title="bbox 0 0 1676 5200">
    <p class='ocr_par' dir='ltr' id='par_1_7' title="bbox 0 0 1676 5200">
     <span class='ocr_line' id='line_1_32' title="bbox 0 0 1676 5200; baseline 0 0"><span class='ocrx_word' id='word_1_230' title='bbox 0 0 1676 5200; x_wconf 95' lang='lat' dir='ltr'><strong> </strong></span> 
     </span>
    </p>
   </div>
  </div>
 </body>
</html>
