3342 5200
592 651 617 703 V
651 650 699 703 ΒΕ
715 649 895 703 Anomsvs
912 649 1065 703 cerum

421 818 462 885 st
481 820 644 907 quiequam
665 819 772 903 rapido
792 817 966 905 optantique
986 816 1086 906 obripit
1103 839 1250 905 umquam

470 937 649 1020 insperanti,
670 937 725 999 troo
747 945 788 997 est
805 945 931 1022 pratum
951 933 1054 999 aniona
1068 938 1204 1022 propr-re.

419 1074 516 1138 qnare
535 1052 590 1116 boa
612 1064 656 1116 est
674 1061 798 1140 probem
819 1052 967 1136 nobisque
988 1062 1030 1115 est
1050 1054 1155 1115 carias
1175 1072 1254 1116 aare

471 1168 553 1254 qaod
572 1180 600 1232 te
612 1168 762 1251 restituis,
784 1166 903 1247 Lesbia,
925 1167 973 1231 mi
991 1166 1114 1250 cupido,

419 1286 553 1349 restituis
574 1284 687 1371 cupido
708 1295 797 1370 atque
816 1284 995 1369 insperanti,
1017 1284 1090 1369 ipsa
1110 1281 1214 1367 refers
1234 1296 1262 1347 te

469 1399 566 1465 nobis.
608 1423 626 1465 a
647 1401 747 1465 lucem
768 1399 954 1465 candidiore
973 1412 1052 1465 nota.

421 1517 494 1603 quis
514 1539 562 1581 me
582 1539 644 1581 ano
665 1518 745 1581 aiait
763 1515 899 1601 felicior,
920 1528 976 1580 aut
994 1516 1101 1603 mapis
1122 1519 1182 1581 bac
1202 1538 1254 1580 res

472 1630 628 1717 optandas
648 1636 711 1696 nita
732 1632 839 1698 dicere
858 1636 926 1718 quis
942 1636 1081 1717 poterit?

319 1816 410 1904 quod
433 1836 563 1882 carmen
594 1815 713 1881 amoris
739 1814 830 1882 testis
859 1824 909 1881 est
936 1816 1006 1882 fere
1032 1813 1137 1880 insani
1165 1836 1229 1902 quo
1251 1815 1371 1884 Lesbia

319 1910 490 2000 catullum
521 1932 582 1998 sibi
613 1932 816 1998 deuinxerst.
869 1942 907 1997 ut
942 1934 1081 2018 primum
1112 1929 1225 1997 Clodiu
1255 1942 1370 2020 poetae

318 2048 492 2140 proposuit
522 2070 664 2114 amorem
696 2050 910 2137 interruptum
946 2047 1187 2137 redintegrare,
1224 2047 1371 2115 Catullus

313 2168 524 2264 :propositum
544 2166 692 2255 accipere
706 2166 792 2232 lecto
814 2166 921 2231 auimo
940 2188 1004 2232 non
1020 2174 1198 2249 cunctatur,
1220 2166 1277 2231 sed
1292 2164 1369 2231 deos

315 2269 465 2376 inploret
493 2292 531 2350 ui
565 2306 648 2374 quae
679 2282 799 2349 Lesbia
825 2283 887 2349 sibi
908 2290 1074 2371 praestare
1096 2281 1279 2371 promiserit
1299 2291 1370 2349 rata

319 2422 392 2466 esse
413 2400 554 2468 iubeant.
597 2401 637 2466 cf.
661 2422 790 2465 carmen
811 2417 898 2466 ovim

423 2601 604 2685 Iaoondain,
625 2625 693 2668 mea
714 2603 789 2680 aito,
811 2602 891 2668 mibi
905 2603 1054 2689 proponis
1072 2625 1216 2683 umorem,

472 2719 553 2784 banc
572 2729 709 2786 nostram
729 2722 803 2784 inter
822 2742 880 2784 nos
898 2731 1135 2806 perpetuamque
1152 2718 1235 2804 fore.

423 2836 458 2902 di
476 2841 590 2924 mapni,
611 2835 714 2922 facite
735 2846 767 2900 nt
786 2857 857 2901 aere
874 2837 1049 2921 promittere
1067 2835 1168 2921 possit

473 2965 561 3039 atque
581 2953 617 3017 id
636 2953 754 3018 sincere
770 2954 850 3016 dicat
870 2964 898 3016 ct
918 2975 957 3016 eac
978 2957 1085 3035 animo,

422 3083 454 3135 at
476 3071 566 3136 liceat
584 3071 671 3136 nabis
693 3082 752 3134 totu
772 3069 947 3155 prodzmere
967 3074 1031 3134 nita

474 3198 628 3252 aeternam
649 3187 704 3251 boe
725 3198 849 3251 sanctae
860 3185 977 3271 foedas
997 3185 1165 3251 amicitiae.

320 3410 387 3475 quo
419 3386 561 3475 pressius
591 3394 624 3452 et
644 3385 770 3452 enixius
790 3396 888 3474 poeta
908 3385 986 3452 deos
1006 3395 1044 3452 ut
1063 3384 1202 3453 Lesbiae
1230 3384 1371 3452 animum
1451 3468 1455 3475 α

321 3503 534 3570 moderentur
545 3512 678 3591 rogatos
693 3526 763 3568 esse
778 3503 859 3586 uult,
882 3512 918 3568 ut
932 3525 970 3568 eu
985 3501 1114 3569 Catullo
1130 3502 1226 3568 fidem
1241 3525 1372 3568 seruere

321 3609 472 3687 ‘sineere'
489 3629 522 3686 et
542 3615 594 3686 ‘ex
616 3610 730 3686 animo'
749 3621 950 3708 polliceatur,
976 3643 1015 3686 eo
1037 3619 1152 3686 clarius
1173 3619 1374 3704 intellegitur

322 3737 510 3825 saepissime
532 3761 551 3804 e
571 3738 705 3804 muliere
724 3737 849 3826 perfida
869 3748 999 3825 poetam
1021 3737 1187 3804 credulum
1202 3737 1370 3824 deceptum

323 3877 404 3923 esse.
449 3877 523 3921 cum
555 3854 682 3920 duobus
713 3854 981 3943 praecedentibus
1013 3855 1210 3922 carminibus
1242 3876 1371 3919 carmen

323 3995 425 4040 xxxvi
456 3973 594 4038 Annales
629 3974 733 4038 Volusi
757 3984 865 4038 cacata
891 3976 998 4038 charta
1029 3973 1291 4059 coniungendam
1313 3981 1371 4055 est,

322 4090 357 4157 in
378 4112 445 4180 quo
468 4088 610 4178 lepidum
631 4100 664 4155 et
684 4090 827 4156 ioculare
850 4088 1042 4156 sacrificium
1063 4090 1185 4156 Veneri
1205 4100 1317 4156 uotum
1339 4099 1373 4156 ct

322 4207 445 4277 fectum
479 4206 680 4277 describitur.
733 4206 854 4273 Lesbio
885 4206 970 4274 enim
1001 4206 1123 4274 Veneri
1155 4216 1310 4291 uoueret,
1345 4205 1372 4272 si
