3342 5200
411 636 443 687 1⁸
693 632 708 685 1
740 630 788 685 DE
805 632 1002 687 uomumvs
1020 632 1177 687 curvum

406 822 437 887 p.
473 798 533 865 127
542 799 555 881 )
591 820 659 863 non
693 799 783 865 nulla
818 797 981 885 conlegit,
1022 806 1057 892 st
1091 796 1256 865 Catullum
1290 819 1310 862 a
1343 796 1459 865 scribis

408 918 608 1005 permutatos
646 905 716 981 esse
749 916 858 981 codiee
888 916 1062 1002 adparatus
1093 914 1282 981 Santoniani
1316 915 1460 1002 quodam

410 1032 551 1099 dilucide
586 1032 777 1116 edocemur,
820 1033 853 1098 in
891 1054 956 1118 quo
993 1054 1077 1120 pone
1111 1030 1231 1098 Catulli
1264 1030 1381 1097 librum
1414 1030 1458 1112 Q.

408 1149 516 1217 Catuli
528 1150 730 1236 epigramma
744 1173 763 1216 a
780 1148 888 1216 Gellio
909 1148 1052 1215 noctium
1066 1150 1249 1216 Atticarum
1263 1171 1350 1214 xvuu
1367 1148 1389 1212 9
1419 1149 1461 1212 14

408 1277 572 1332 seruatum
604 1265 811 1331 subiunctnm
846 1275 896 1331 est
927 1290 935 1330 ε
968 1267 1009 1331 of.
1040 1265 1201 1331 Huschkii
1237 1264 1457 1331 analectorum

407 1405 438 1470 p.
459 1383 519 1466 48,
549 1383 604 1470 qui
624 1376 797 1470 'praeterea
816 1382 974 1448 scholium
995 1382 1038 1447 ad
1058 1380 1227 1448 quenalis·
1242 1391 1383 1447 saturam
1402 1403 1459 1446 vur

410 1499 470 1563 186
498 1500 545 1584 (p.
567 1499 771 1582 3001ahnii)
804 1510 955 1587 spectans
983 1498 1099 1575 attulit,
1130 1497 1187 1564 ubi
1207 1498 1302 1563 simili
1331 1498 1460 1563 ratione

409 1614 557 1682 Catullus
591 1615 833 1703 mimographus
869 1625 903 1681 et
933 1615 976 1696 Q.
1012 1614 1146 1683 Catulus
1177 1614 1351 1702 permutati
1381 1624 1460 1679 aunt

409 1732 464 1817 (ct
480 1730 754 1798 Schurtafleisohii
776 1741 809 1798 et
830 1730 977 1798 Crameri
997 1740 1093 1798 notas
1107 1754 1139 1818 p.
1153 1731 1243 1817 339),
1264 1730 1316 1796 oui
1336 1730 1458 1797 scholio
1551 1743 1553 1747 '

409 1846 576 1936 Grysarus
598 1848 757 1914 domimo
779 1870 811 1935 p.
832 1848 897 1913 299
918 1847 974 1931 (ot
995 1858 1167 1914 comment.
1196 1847 1288 1914 acad.
1316 1847 1458 1914 Vindob.

409 1988 452 2032 xu
475 1986 504 2031 a.
528 1963 623 2052 1854)
655 1974 688 2030 ct
719 1964 920 2031 Ribbeckius
951 1964 992 2029 ad
1025 1964 1166 2030 comicos
1195 1964 1312 2030 latinos
1342 1988 1375 2051 p.
1395 1964 1459 2029 309
1596 2018 1599 2023 .

410 2082 647 2148 inconsiderate
693 2081 805 2147 confisi
849 2081 938 2167 quod
978 2080 1203 2169 mimographo
1251 2102 1370 2145 nomeu
1415 2078 1458 2158 Q.

409 2195 553 2262 Luctatii
585 2195 705 2263 Catulli
735 2195 921 2262 indiderunt
951 2216 1073 2282 magno
1104 2218 1202 2283 opere
1229 2196 1337 2261 miror.
1378 2196 1460 2285 quid

409 2313 541 2380 multa?
589 2334 632 2379 ex
671 2311 769 2379 Gellii
800 2312 873 2377 loco
909 2312 1024 2377 eodem
1056 2334 1152 2400 quem
1182 2314 1278 2379 modo
1316 2313 1459 2379 diximus

411 2428 451 2510 Q.
474 2439 585 2497 uotam
606 2430 694 2495 illam
716 2440 880 2517 arreptam
899 2438 934 2495 et
953 2429 987 2495 in
1002 2429 1125 2495 Datani
1146 2428 1350 2495 Riccardiani
1364 2429 1459 2495 Cuia·

409 2545 492 2614 ciani
506 2547 617 2614 titulos
637 2545 832 2613 inculcatam
856 2568 926 2612 esse
941 2546 1011 2612 ueri
1025 2546 1221 2613 simillimum
1236 2555 1296 2614 est.
1338 2547 1458 2613 etenim

410 2687 483 2731 cum
503 2665 574 2729 loco
595 2663 652 2729 illo
674 2663 826 2748 (xv11n9)
849 2664 997 2730 uersibus
1016 2663 1128 2751 paucis
1150 2673 1226 2730 ante
1247 2687 1344 2753 quam
1364 2665 1399 2730 in
1414 2663 1458 2743 Q.

409 2780 561 2849 Catulum
582 2789 713 2867 poetam
734 2801 839 2844 sermo
861 2780 991 2863 incidit,
1023 2779 1171 2848 Catullus
1201 2774 1300 2868 poet‘a
1320 2802 1459 2847 comme·

408 2908 563 2980 moretur,
585 2896 671 2980 Itali,
692 2897 749 2983 qui
764 2895 862 2963 Gellii
882 2897 1032 2965 noctibus
1053 2897 1171 2964 Atticis
1193 2897 1234 2962 ad
1256 2896 1459 2966 Catullianos

410 3014 537 3082 codices
570 3013 810 3102 interpolandos
838 3013 915 3080 alibi
944 3035 1074 3101 quoque
1100 3013 1150 3079 usi
1175 3026 1251 3080 sunt
1284 3015 1340 3099 (cf.
1373 3037 1460 3103 quae

410 3129 642 3196 Lachmannus
670 3132 713 3197 ad
743 3149 883 3196 Lxxxxu
912 3131 942 3195 3.
963 3117 1214 3215 4⁸adnotauit)‚
1249 3131 1284 3198 in
1317 3154 1461 3198 errorem

409 3247 505 3314 facile
532 3247 642 3314 seduci
666 3257 850 3335 potuerunt,
878 3249 930 3312 uel
952 3247 1060 3335 potius
1084 3256 1120 3314 ut
1143 3248 1331 3314 fallerentur
1354 3270 1460 3334 paens

410 3385 543 3431 necesse
564 3366 645 3449 fuit,
677 3387 751 3430 oum
778 3365 811 3430 in
839 3363 930 3430 libris
952 3363 1110 3431 Gallionis
1131 3365 1264 3431 nomina
1285 3362 1404 3431 Catulli
1425 3375 1461 3431 et

411 3479 452 3559 Q.
468 3479 579 3548 Catuli
593 3504 658 3546 nou
672 3482 755 3547 bene
771 3480 923 3548 distincta
938 3479 1125 3568 reperirent.
1168 3483 1222 3547 cui
1241 3483 1289 3547 rei
1309 3490 1346 3548 ut
1358 3480 1459 3548 fidem

409 3596 537 3677 faciam,
565 3596 719 3662 librorum
743 3595 966 3663 Celliauorum
988 3596 1151 3681 lectiones,
1173 3619 1254 3684 quas
1274 3597 1459 3664 humanitas

410 3722 443 3779 et
463 3712 681 3781 beniuolentia
693 3713 824 3779 Martini
840 3713 977 3795 Hertaii,
997 3713 1060 3778 uiri
1074 3714 1258 3795 doctissimi,
1280 3715 1459 3780 liberaliter

409 3850 535 3894 mecum
559 3828 825 3911 communicauit,
848 3830 1000 3896 hocloco
1023 3830 1237 3896 excribendas
1257 3840 1349 3912 sunt,
1370 3831 1458 3896 unde

410 3967 608 4032 cognoscere
627 3947 704 4012 lieet
725 3968 836 4013 omnes
850 3946 954 4012 bonos
969 3947 1096 4012 codices
1110 3958 1143 4013 et
1155 3948 1328 4035 plerosque
1345 3969 1459 4014 omnes

409 4061 636 4148 interpolatos,
667 4073 828 4151 quotquot
849 4064 891 4130 ab
912 4063 1049 4130 Hertaio
1071 4063 1188 4131 conlati
1209 4076 1299 4147 sunt,
1328 4066 1457 4133 duobus

412 4178 493 4244 locis
516 4177 630 4266 eapitis
651 4200 716 4245 vuu
737 4180 811 4246 libri
831 4201 925 4259 xvrtu,
948 4180 1004 4244 ubi
1026 4179 1068 4260 Q.
1092 4177 1201 4344 0εῂιῶ
1223 4180 1349 4248 Gellius
1369 4205 1459 4248 men·
