3342 5200
388 627 404 675 6
808 622 1021 677 Puooumvu

389 789 586 863 detererent,
607 810 680 853 curn
701 791 864 855 :teubodo
884 789 1001 875 (xxxvi
1017 790 1053 872 8)
1075 799 1110 855 et
1123 791 1310 857 consolatum
1326 791 1385 874 (nn
1399 791 1435 874 3)

387 906 421 971 in
435 907 565 971 Dateno
584 904 827 992 deprehendere
843 904 904 971 eibi
918 904 1085 971 uideretur
1099 930 1107 971 ε
1121 928 1196 971 num
1210 929 1296 994 quse
1308 906 1436 973 illorum

387 1023 458 1088 loeo
474 1022 701 1088 Lachmannus
723 1022 756 1085 in
773 1020 886 1085 codice
907 1021 1051 1109 repperit
1070 1022 1226 1088 monada
1247 1032 1281 1088 et
1300 1026 1438 1089 consulo-

388 1153 459 1223 tum,
481 1162 543 1226 ego
565 1162 696 1225 quoque
716 1136 890 1203 clarissime
909 1137 956 1203 ibi
976 1147 1089 1203 extero
1110 1139 1187 1204 uidi.
1230 1139 1380 1226 denique,
1403 1148 1440 1203 nt

389 1257 486 1323 etism
519 1256 560 1321 de
590 1253 759 1321 Laurentii
792 1252 941 1321 Suetonii
970 1254 1084 1321 codice
1095 1302 1105 1337 ,
1140 1277 1236 1342 quem
1268 1266 1302 1320 et
1333 1256 1440 1341 ipsum

389 1373 604 1459 neglegenter
618 1372 817 1457 excerpsisse
832 1370 1037 1437 Froehnerus
1051 1370 1296 1438 Lachmannum
1311 1373 1344 1437 in
1362 1384 1440 1435 note

390 1511 422 1573 p.
444 1488 508 1551 580
530 1486 645 1573 arguit,
667 1488 791 1575 sliqnid
813 1488 928 1565 dicem,
947 1486 1118 1553 falsissime
1132 1509 1171 1553 es
1185 1498 1262 1555 sunt
1282 1510 1367 1575 quse
1385 1487 1440 1552 ille

385 1603 432 1671 sle
459 1604 590 1667 minacis
619 1608 672 1684 (nn
693 1604 728 1688 6)
757 1604 924 1672 adnotsuit
946 1628 954 1669 ε
976 1626 1053 1669 num
1083 1627 1149 1669 uon
1182 1616 1249 1670 tum
1277 1616 1306 1669 et
1331 1609 1441 1686 rumas,

391 1720 476 1807 qnod
497 1719 674 1785 Froehneri
701 1720 825 1785 incuria
853 1720 1080 1808 deprehendit,
1109 1743 1207 1809 quem
1235 1720 1322 1785 idem
1350 1720 1440 1807 quod

391 1837 456 1901 iem
484 1834 609 1921 pridem
636 1836 865 1902 Lachmannus
893 1847 1083 1903 enotuuerst
1110 1839 1144 1903 οἱ
1169 1838 1270 1903 menas
1301 1836 1441 1903 dilucide

392 1951 547 2039 scriptum
568 1952 601 2017 in
623 1953 732 2017 codiee
754 1952 926 2017 inuenitur.

473 2068 590 2155 Itaque
618 2068 645 2133 si
665 2077 882 2135 correctorum
903 2069 1074 2152 lectiones,
1096 2091 1178 2156 quos
1199 2070 1441 2154 Loehmsnnm,

392 2186 512 2272 quippe
543 2208 615 2249 cum
649 2205 757 2250 merse
789 2183 945 2249 Italorum
977 2187 1125 2269 quemuis
1158 2206 1254 2272 saepe
1285 2187 1442 2273 egregiae

393 2302 597 2367 coniecturae
619 2301 703 2382 sint,
732 2299 878 2365 consulto
900 2308 935 2364 et
954 2301 1024 2364 inre
1045 2322 1103 2365 suo
1124 2324 1190 2367 uon
1211 2302 1378 2384 enoteuit,
1409 2311 1443 2367 et

394 2418 581 2507 quisquilias
604 2415 889 2502 orthographicas,
917 2437 1055 2502 querum
1075 2414 1280 2483 Froehnerus
1302 2418 1443 2485 indicem

392 2536 532 2622 plenum,
554 2534 645 2598 cuius
667 2554 760 2597 usum
781 2530 927 2597 criticum
948 2530 978 2594 ei
998 2553 1063 2595 uon
1086 2533 1282 2615 inuidemus,
1304 2534 1442 2622 diligen·

393 2655 458 2718 tius
481 2651 602 2716 scilicet
624 2647 832 2716 ostentandae
847 2670 961 2714 ceusse
976 2649 1008 2712 in
1024 2649 1198 2734 specimine
1211 2649 1268 2716 illo
1283 2653 1442 2736 exhibuit,

394 2767 610 2846 omiserimus,
636 2763 828 2849 paucissima
856 2784 1023 2849 superesse
1050 2774 1140 2850 patet
1169 2789 1253 2853 quse
1280 2768 1336 2834 ille
1358 2769 1444 2838 terte

393 2885 525 2950 fortuna
545 2880 647 2967 magis
668 2903 764 2966 quem
787 2879 928 2945 sollertia
949 2879 1079 2949 adiutus
1093 2880 1305 2950 Lachmanno
1323 2886 1445 2952 rectius

394 2999 486 3085 legit.
529 3020 610 3084 quae
632 3021 704 3064 curn
726 2996 771 3061 ita
792 2995 871 3079 sint,
899 3017 940 3060 ex
963 2997 1109 3082 quolibet
1129 3000 1276 3066 ueritstis
1297 3002 1444 3068 studioso

395 3115 578 3204 quaerimus
597 3135 675 3176 nnm
692 3111 904 3192 Froehnerus,
926 3110 982 3197 qui
1004 3111 1038 3176 in
1058 3113 1170 3198 poecis
1190 3115 1254 3180 illis
1276 3117 1445 3204 exemplis,

395 3231 511 3318 quibus
527 3225 728 3295 Lachmanni
748 3224 904 3292 incuriam
920 3226 1062 3312 perfecte
1084 3209 1285 3316 conprobi'sre
1307 3234 1445 3318 studuit,

394 3348 462 3434 ipse
484 3357 551 3412 tem
574 3366 670 3430 saepe
692 3367 730 3408 se
751 3351 816 3406 tem
847 3344 992 3428 grauiter
1019 3346 1187 3429 peoosnit,
1219 3347 1355 3414 idoneus
1387 3354 1445 3437 qui

394 3461 595 3527 Lachmanni
610 3469 763 3546 excerpta
783 3457 931 3523 codicum
946 3457 1202 3526 Getullisuorum
1216 3464 1257 3528 ad
1272 3467 1444 3535 ueritatem

394 3579 506 3664 exiget
536 3588 568 3640 et
597 3577 716 3663 dignus
741 3575 793 3640 cui
815 3573 911 3640 fidem
933 3595 1012 3660 pree
1032 3575 1242 3642 Lechmsnno
1263 3581 1445 3655 habeamus

393 3694 501 3781 putari
521 3694 632 3780 possit
675 3694 708 3756 in
730 3693 915 3760 uniuersum
938 3711 1016 3755 uero
1037 3712 1106 3773 nos,
1131 3692 1187 3778 qui
1209 3693 1290 3761 duos
1313 3699 1445 3767 codices

393 3811 425 3876 D
447 3822 480 3876 et
500 3809 529 3874 L
551 3834 571 3875 s
591 3809 801 3875 Lachmanno
816 3804 976 3874 exhibitos
996 3805 1057 3892 ipsi
1079 3829 1175 3893 quesn
1198 3810 1446 3883 adcuratissimo

393 3927 556 4015 potuimus
579 3925 782 4006 contulimus,
804 3922 1047 3988 Lachmannum
1062 3922 1279 4010 adfirmemus,
1298 3930 1397 3996 etism
1417 3933 1446 3998 si

394 4042 586 4130 aliquotiens
618 4043 650 4106 in
682 4040 821 4127 legendo
853 4039 973 4104 errauit
1004 4048 1038 4104 et
1065 4040 1225 4126 queedsm
1257 4045 1445 4118 inconsulto

394 4159 512 4241 omisit,
533 4158 631 4224 nihile
654 4157 758 4224 minus
780 4166 887 4224 umen
909 4155 944 4219 in
965 4153 1130 4224 codicibus
1152 4157 1215 4222 illis
1236 4163 1444 4233 conferendis
