3342 5200
326 622 354 673 11
395 622 444 675 DE
460 622 564 677 turus
581 622 716 677 usuum
732 623 779 678 ΕΤ
795 621 928 675 FATAH
945 622 1102 677 omum
1200 625 1235 675 ee

181 788 307 853 Italum
337 810 419 877 quae
449 788 491 855 de
516 786 569 855 die
596 787 715 856 Cetnlli
741 788 842 856 netuli
867 789 1025 855 ariolstur
1051 790 1156 876 ipsum
1176 788 1235 857 lin·

183 904 273 972 xisse
294 904 374 971 mihi
394 904 525 992 quidem
546 905 756 973 certissimum
778 916 845 989 est,
866 906 984 973 deinde
1004 905 1032 971 si
1052 917 1234 997 temporum

183 1022 330 1089 rationes
362 1032 560 1111 spectamus,
591 1045 673 1111 quas
694 1024 798 1090 fusius
820 1023 983 1111 explicare
1007 1044 1114 1111 usqne
1139 1023 1236 1091 huius

181 1139 304 1206 locist
325 1138 460 1225 longum
487 1149 551 1223 est,
583 1140 655 1206 lieri
683 1161 749 1206 non
775 1141 883 1228 potuit
912 1150 950 1207 ut
978 1141 1080 1207 natali
1106 1123 1235 1207 demum

86 1304 87 1307 ,
184 1280 272 1324 anno
302 1256 422 1323 Catulli
454 1258 507 1323 uel
534 1256 746 1345 praecedente
774 1279 802 1324 a.
823 1257 941 1335 coeloe
967 1256 1093 1323 Plotius
1120 1257 1237 1323 Gallus

140 1388 141 1391 ’
183 1374 382 1441 rhetoricam
402 1374 552 1442 Latinam
574 1376 690 1442 docere
713 1375 871 1463 coeperit,
899 1384 998 1463 atque
1018 1374 1092 1441 luce
1120 1373 1237 1441 darius

183 1500 235 1557 est
256 1491 299 1558 eb
321 1492 424 1576 Italo,
454 1492 510 1581 qui
530 1491 601 1558 loco
630 1490 795 1559 Ciceronis
823 1492 865 1557 ab
894 1491 1096 1580 Hieronymo
1126 1490 1234 1558 adlato

184 1608 340 1675 seductus
361 1620 426 1691 est,
448 1632 568 1675 annum
588 1608 722 1693 666t88,
744 1632 808 1698 quo
830 1608 977 1676 floruisse
998 1610 1138 1677 Plotium
1158 1609 1237 1676 Hic·

183 1748 343 1814 ronymus
364 1727 479 1793 testari
500 1727 603 1795 uoluit
624 1728 679 1813 (cf.
695 1725 733 1795 C.
754 1727 793 1795 F.
815 1726 1025 1793 Hermennus
1045 1727 1065 1792 l.
1087 1750 1116 1792 c.
1139 1750 1169 1814 p.
1190 1726 1235 1813 9),

184 1866 260 1909 cum
287 1866 326 1910 eo
356 1844 521 1909 confusum
551 1865 621 1909 esee
657 1866 722 1933 quo
751 1843 869 1911 dooere
894 1844 949 1909 ille
974 1845 1091 1933 coepit.
1143 1843 1234 1909 uides

183 1960 287 2047 igitur
307 1983 349 2027 ne
371 1960 535 2028 minimum
554 1960 683 2053 quidem
704 1962 931 2029 auctoritatem
944 1962 1032 2029 uitae
1049 1961 1096 2029 illi
1117 1961 1234 2028 ascribi

183 2100 291 2166 posse.

268 2194 318 2262 Ut
352 2192 452 2282 igitur
482 2216 521 2261 eo
548 2194 717 2267 redeamus
749 2194 834 2261 unde
865 2194 974 2282 paullo
1004 2204 1080 2260 ante
1111 2196 1234 2281 egressi

184 2334 335 2396 eramus,
367 2311 560 2400 Hieronymi
591 2312 807 2379 definitionem
835 2310 951 2379 aetatis
971 2310 1092 2378 Catulli
1120 2310 1235 2377 falsam

185 2452 256 2495 esse
278 2428 329 2495 his
350 2428 447 2495 rebus
470 2450 567 2518 quam
594 2428 854 2495 manifestissime
882 2428 995 2495 elucet.
1038 2448 1234 2516 quamquam

184 2544 408 2633 Hieronymus
440 2545 604 2615 Catullum
637 2568 723 2612 anno
755 2545 871 2624 697167
902 2568 921 2612 e
956 2546 1027 2612 uita
1060 2542 1235 2610 decessisse

86 2695 87 2698 ¹
185 2665 303 2749 docet,
339 2673 449 2731 tamen
477 2661 625 2730 Catullus
645 2663 716 2751 ipse
738 2662 880 2728 carmine
901 2681 978 2729 cxiu
998 2662 1021 2728 2
1039 2670 1177 2728 testetur
1197 2683 1234 2727 se

183 2781 380 2871 Pompeium
408 2802 492 2847 suno
513 2779 631 2868 699166
650 2779 767 2846 iterum
795 2779 961 2846 consulem
986 2778 1108 2846 uidisse
1128 2803 1137 2845 ε
1157 2801 1235 2865 quo

185 2921 259 2964 oum
289 2899 363 2964 loco
391 2919 521 2964 carmen
542 2917 588 2966 nv
608 2899 629 2963 6
650 2897 879 2964 conferendum
906 2906 971 2978 est,
1006 2919 1070 2984 quo
1097 2895 1234 2984 Pompei

185 3016 331 3083 eiusdem
366 3009 489 3103 ‘Magni
516 3009 704 3082 ambulatio’
732 3024 1021 3098 commemoratur,
1058 3036 1155 3104 quam
1181 3012 1236 3080 ille

186 3133 301 3200 eodem
323 3155 408 3200 enno
429 3154 493 3221 quo
516 3133 634 3200 iterum
656 3133 768 3198 consul
789 3142 861 3198 erat
881 3131 989 3199 extrui
1010 3131 1112 3197 iussit
1134 3151 1232 3218 porro

186 3249 309 3318 Catulli
323 3251 468 3316 carmine
478 3273 513 3316 xs
523 3259 556 3317 et
565 3273 674 3318 xxvuu
686 3261 760 3338 post
775 3249 1012 3338 expeditionem
1022 3270 1107 3314 anno
1117 3248 1237 3326 699156

185 3389 207 3432 a
227 3366 371 3434 Caesare
389 3365 423 3433 in
436 3365 638 3434 Britanniam
654 3367 774 3434 fectum
795 3365 915 3454 scripta
935 3367 1001 3433 sint
1021 3389 1154 3434 necesse
1175 3376 1234 3434 est

185 3483 328 3572 denique
339 3483 374 3549 in
383 3483 525 3550 carmine
539 3503 669 3550 nomem
679 3483 842 3572 quandam
855 3484 994 3572 lepidam
1006 3481 1152 3550 Catullus
1161 3506 1235 3551 nar

184 3610 247 3686 rat,
268 3621 355 3690 quae
375 3623 449 3666 cum
472 3597 617 3666 Licinius
633 3598 755 3668 Celuus
770 3623 880 3668 mense
893 3598 1011 3668 Sextili
1026 3624 1054 3668 a.
1069 3600 1187 3680 700154
1200 3602 1235 3668 in

184 3716 356 3784 Vatinium
388 3716 474 3804 apud
502 3716 624 3784 iudices
653 3717 739 3804 egit,
774 3716 900 3784 accidit.
948 3728 1118 3806 praeterea
1152 3719 1236 3784 aliae

184 3835 285 3900 etism
308 3857 362 3900 res
386 3834 421 3899 in
442 3829 524 3901 libro
549 3831 732 3902 Cetullisno
754 3835 963 3922 reperiuntur
989 3836 1107 3924 quibus
1133 3834 1236 3902 serius

185 3974 285 4042 quem
320 3951 540 4039 Hieronymus
574 3950 730 4018 indicauit
766 3950 932 4019 Catullum
965 3963 1129 4020 mortuum
1162 3976 1235 4020 esse

184 4069 428 4136 demonstretur
450 4090 460 4132 ε
479 4067 537 4134 scd
564 4069 644 4136 nihil
663 4069 748 4136 inest
777 4091 842 4160 quo
870 4079 946 4158 post
971 4093 1093 4138 annum
1117 4071 1236 4149 700164

182 4195 319 4275 poetam
334 4186 556 4253 Veronensum
570 4187 691 4254 uixisse
709 4187 842 4254 credere
861 4187 1018 4274 cogimur.
1046 4189 1098 4255 oni
1110 4198 1237 4256 senten·
