3342 5200
500 606 525 658 V
558 607 607 659 DE
623 606 802 661 sucumve
821 606 977 661 cervum
1210 613 1263 663 136

213 784 318 843 totam
338 782 484 841 nostram
510 773 551 839 de
572 772 690 840 Lesbia
712 771 969 861 disquisitionem
989 773 1138 863 dispersa
1158 776 1265 864 placet

214 914 314 981 quam
350 888 541 957 breuissime
580 889 748 978 conplecti.
801 889 941 957 Ouidius
966 889 1066 978 igitar
1096 892 1188 959 testis
1217 901 1265 958 est

212 1009 355 1075 Lesbiae
375 1028 492 1073 nomen
513 1006 641 1093 puellae
661 1029 681 1072 a
702 1004 831 1073 Catullo
853 1016 979 1074 amatae
997 1007 1114 1075 falsum
1136 1009 1261 1075 fuisse:

212 1124 400 1214 Appuleius
415 1144 529 1189 uerum
543 1145 661 1189 nomen
674 1133 785 1190 narrat
797 1123 897 1189 fuisse
912 1123 1071 1192 Clodiam.
1115 1126 1264 1193 Clodiam

212 1241 479 1329 quadrantariam
501 1238 615 1307 Cicero
643 1262 701 1327 pro
723 1238 834 1307 Caelio
855 1250 967 1306 narrat
988 1264 1062 1307 oum
1082 1241 1129 1308 M.
1152 1242 1262 1309 Caelio

214 1359 308 1427 Rufo
331 1380 400 1423 rem
418 1380 478 1445 per
491 1366 617 1445 tempas
636 1356 765 1445 aliquod
780 1357 931 1424 habuisse
951 1383 959 1425 ε
979 1357 1134 1430 Lesbiam
1147 1359 1266 1427 Catulli

212 1474 333 1543 scimus
353 1475 457 1564 ipsam
478 1496 608 1563 quoque
629 1497 701 1540 cum
724 1473 835 1541 Caelio
850 1474 937 1543 Rufo
959 1474 1160 1542 moechatam
1182 1499 1263 1543 esse.

212 1590 364 1661 Clodiam
399 1590 661 1680 quadrantariam
705 1614 778 1657 cum
814 1592 932 1658 Publio
967 1593 1070 1659 fratre
1105 1593 1265 1659 incestum

211 1709 327 1775 fecisse
359 1706 474 1776 Cicero
505 1707 587 1774 locis
617 1707 785 1797 permultis
817 1719 1047 1776 commemorat
1077 1734 1085 1776 ε
1116 1707 1264 1777 Catullus

211 1825 291 1894 dicit
305 1850 325 1893 a
338 1824 457 1891 Lesbia
473 1823 628 1891 Lesbium
651 1826 713 1891 sibi
734 1826 898 1913 anteponi.
941 1827 968 1891 si
983 1824 1124 1892 Lesbiae
1145 1848 1263 1893 nomen

210 1964 328 2010 uerum
351 1950 401 2009 est
422 1940 557 2025 Clodia,
584 1964 697 2007 uerum
725 1942 836 2011 Lesbii
857 1964 975 2010 nomen
1004 1942 1138 2010 Clodius
1167 1942 1265 2009 fuerit

209 2080 344 2127 necesse
365 2069 442 2125 est:
464 2056 598 2127 Clodius
625 2058 727 2145 igitur
758 2081 777 2123 a
804 2060 926 2127 Lesbia
947 2058 1075 2126 Catullo
1098 2061 1262 2146 anteponi·

210 2187 276 2243 tur.
329 2175 421 2241 uides
451 2198 471 2241 a
502 2173 630 2244 Catullo
668 2175 706 2241 P.
737 2174 889 2243 Clodium
928 2176 1047 2241 sororis
1085 2187 1262 2244 amatorem

210 2291 397 2381 significari.
440 2290 556 2361 Cicero
577 2292 610 2357 in
634 2289 787 2359 Caeliana
808 2294 909 2359 uitam
939 2292 1188 2381 quadrantariae
1216 2295 1262 2360 in-

209 2408 469 2499 quinatissimam
491 2419 524 2475 ot
551 2431 657 2475 mores
678 2409 938 2498 corruptissimos
960 2410 1155 2496 descripsit:
1178 2433 1262 2499 quae

209 2526 239 2593 si
270 2536 490 2615 conparantur
520 2548 593 2593 cum
624 2526 671 2593 eis
704 2548 788 2616 qnae
815 2525 964 2596 Catullus
986 2527 1019 2591 in
1039 2525 1159 2594 Lesbia
1181 2527 1263 2593 uitu-

208 2646 339 2733 perauit
348 2693 359 2728 ,
383 2643 479 2732 plane
500 2644 614 2710 sudem
634 2655 810 2734 utrumque
831 2654 865 2711 et
886 2644 1074 2711 Ciceronem
1098 2654 1130 2711 et
1152 2642 1260 2711 Catul-

209 2764 281 2828 lum
308 2760 551 2848 reprehendisse
581 2783 676 2829 nemo
708 2761 906 2828 infitiabitur.
949 2760 1067 2827 scimus
1096 2762 1258 2845 Lesbiam,

209 2901 286 2944 cum
307 2877 471 2946 aCatullo
493 2887 666 2962 amaretur,
688 2878 753 2944 iam
773 2878 844 2944 uiro
866 2879 962 2944 alicui
982 2890 1115 2968 nuptam
1136 2878 1259 2946 fuisse:

210 2994 301 3084 quod
342 3017 406 3084 quo
447 3005 593 3082 tempore
627 2995 704 3079 fuit,
747 2993 863 3061 Clodia
898 2996 993 3063 etiam
1030 2996 1259 3085 quadrantaria

209 3111 283 3178 uiro
315 3113 379 3178 iam
409 3119 583 3199 nupserat,
625 3110 666 3192 Q.
696 3112 831 3178 Metello
869 3110 986 3181 Celeri.
1038 3123 1128 3179 aetas
1160 3113 1257 3180 etiam

211 3228 388 3296 amantium
403 3228 524 3316 optime
538 3229 710 3318 conspirat.
747 3229 885 3318 denique
900 3228 1017 3298 Clodia
1030 3229 1260 3317 quadrantaria

209 3347 312 3413 nobili
343 3367 462 3433 genere
495 3356 565 3413 orta
595 3346 667 3414 fuit.
722 3347 824 3414 nobili
856 3369 978 3436 gauere
1008 3347 1106 3414 etiam
1137 3347 1257 3415 Catulli

209 3463 363 3532 Lesbiam
391 3472 496 3530 ortam
518 3486 587 3530 esse
616 3463 744 3531 omnino
772 3464 853 3530 nihil
878 3465 1038 3553 estquod
1060 3465 1256 3550 dissuadeat,

209 3583 308 3648 immo
329 3579 363 3647 id
384 3603 422 3648 eo
445 3580 687 3648 commendatur
714 3581 802 3672 quod
830 3581 951 3666 Allius,
984 3581 1034 3648 uir
1060 3583 1129 3648 sine
1159 3584 1256 3650 dubio

208 3698 342 3781 nobilis,
367 3698 497 3765 domum
521 3721 613 3764 suam
639 3699 821 3766 amantibus
847 3685 997 3788 praebuit
1022 3723 1086 3788 quo
1110 3702 1258 3768 conueni-

208 3826 282 3883 rent
304 3840 312 3879 :
333 3836 434 3903 quare
456 3813 550 3880 simul
572 3816 733 3882 sententia
755 3838 868 3881 eorum
900 3819 1061 3884 refutatur
1083 3817 1138 3906 qni
1159 3841 1258 3885 mere

208 3932 359 4000 triculam
379 3931 478 3998 fuisse
498 3930 653 3999 Lesbiam
674 3933 783 4021 inepte
806 3933 950 4000 credunt.

633 4221 831 4234 ψ
