3342 5200
431 669 479 720 146
709 665 745 718 Vl
780 667 827 718 nn
847 665 1025 718 moninus
1042 664 1199 719 carum

431 843 526 900 tatur.
574 833 614 899 ad
643 834 832 916 Aurelium,
873 835 927 922 qui
957 855 1022 899 una
1051 857 1121 898 cum
1154 833 1272 915 Furio,
1310 835 1383 898 uiro
1412 836 1469 900 sibi

431 951 551 1033 amico,
572 950 605 1016 in
627 951 776 1016 quentio
799 972 943 1016 amorem
964 953 1153 1029 exercebat,
1180 950 1307 1016 duobus
1329 951 1470 1016 carmini-

430 1069 491 1135 bus
520 1091 565 1134 xv
593 1079 626 1134 et
658 1093 713 1134 xxi
740 1066 886 1134 Catullus
913 1069 1129 1151 conuertitur,
1162 1092 1300 1155 quorum
1327 1070 1361 1134 in
1391 1089 1474 1134 utro-

432 1207 495 1274 que
525 1184 757 1253 contumeliose
784 1184 923 1250 minatus
952 1207 1068 1251 cauere
1097 1185 1159 1252 sibi
1186 1189 1276 1254 iubet
1296 1186 1475 1266 Aurelium,

430 1292 575 1391 ‘patrem’
604 1315 641 1368 nt
663 1301 745 1368 salse
766 1312 864 1389 poeta
883 1302 930 1366 sit
949 1297 1189 1383 esuritionem,
1218 1327 1260 1368 ne
1289 1303 1475 1368 quentium

430 1429 623 1506 corrumpat.
666 1431 835 1506 praeterea
855 1419 889 1484 in
908 1418 1044 1484 Furium
1059 1430 1091 1484 et
1105 1419 1270 1485 Aurelium
1293 1421 1387 1486 simul
1409 1444 1476 1485 car-

431 1536 570 1602 minibus
596 1558 650 1602 xvr
678 1547 712 1602 et
739 1560 773 1602 xr
800 1539 919 1624 partim
950 1538 1099 1603 inuectus
1128 1547 1193 1619 est,
1223 1535 1341 1623 partim
1362 1538 1477 1602 ambos
1587 1556 1588 1619 ς

431 1651 553 1718 derisit.
574 1651 607 1716 in
620 1652 760 1718 carmine
778 1653 863 1718 enim
876 1651 1078 1729 xvrAurclio
1101 1662 1134 1717 et
1148 1652 1246 1718 Furio
1267 1655 1408 1718 minatus
1427 1663 1477 1719 est

431 1791 485 1850 se,
525 1792 598 1834 cum
621 1768 668 1834 illi
694 1778 826 1857 propter
855 1769 999 1836 carmina
1020 1770 1178 1836 amatoria
1198 1769 1292 1834 nimis
1314 1770 1400 1836 leuia
1419 1795 1480 1836 sus
1587 1752 1588 1795 ³

431 1907 467 1970 se
494 1879 586 1952 ‘male
616 1880 748 1952 marem'
775 1894 807 1952 ct
833 1880 957 1974 ‘parum
980 1875 1144 1973 pudicum’
1173 1908 1243 1951 esse
1264 1887 1480 1976 uituperauis-
1587 1932 1588 1975 ;

430 2011 518 2086 sent,
545 2024 667 2092 poenas
688 2001 897 2090 grauissimas
918 2007 959 2070 ab
981 2004 1027 2068 eis
1048 2002 1223 2091 petiturum
1245 2014 1278 2069 et
1299 2025 1334 2068 se
1357 2003 1480 2090 optime
1587 2072 1588 2091 χ

430 2143 551 2186 marom
584 2142 654 2186 esse
687 2120 908 2207 probaturum.
961 2121 1051 2186 cuius
1093 2121 1243 2187 carminis
1275 2143 1406 2186 caussas
1447 2132 1481 2187 et

431 2239 588 2325 originem
610 2239 638 2303 si
660 2237 834 2303 diuinandc
858 2238 992 2324 adsequi
1013 2239 1105 2319 licet,
1131 2237 1285 2304 Aurelius
1308 2246 1340 2302 et
1358 2237 1481 2303 Furius
1531 2305 1534 2312 ,
1587 2308 1588 2317 ¹

429 2355 569 2420 lacessiti
595 2354 741 2420 uersibus
774 2355 1037 2421 contumeliarum
1060 2353 1164 2442 plenis
1196 2377 1278 2441 quos
1310 2365 1406 2442 poeta
1439 2355 1481 2419 de
1587 2388 1588 2399 κ

430 2471 581 2538 quentio
602 2471 662 2537 sibi
684 2471 871 2570 abalienato
891 2471 992 2538 iratus
1013 2473 1046 2536 in
1067 2471 1139 2536 illos
1155 2472 1345 2554 coniecerat,
1368 2471 1480 2537 nescio

429 2612 471 2655 cu
492 2588 701 2676 petulantiam
730 2600 763 2655 et
794 2588 1015 2677 inpudicitiam
1041 2600 1074 2656 et
1102 2589 1268 2655 mollitiem
1299 2590 1480 2655 carminum

430 2706 686 2774 Catullianorum
706 2706 835 2794 publice
850 2707 1028 2772 eluserint:
1045 2729 1109 2794 qua
1131 2708 1284 2771 inrisione
1300 2706 1354 2772 ille
1371 2717 1481 2772 motus

428 2823 512 2891 hanc
541 2825 771 2890 uersiculorum
802 2846 934 2889 suorum
965 2823 1185 2889 defensionem
1210 2823 1347 2911 scripsit.
1391 2824 1481 2891 deni-

429 2962 492 3027 que
506 2941 671 3029 queeritur
687 2963 751 3030 quo
768 2941 901 3007 consilio
919 2940 1065 3008 Catullus
1080 2941 1113 3005 in
1129 2941 1270 3007 carmine
1284 2964 1317 3005 xr
1333 2941 1388 3006 illa
1402 2936 1482 3007 ‘non

429 3057 516 3123 bona
541 3048 636 3125 dicta'
662 3057 797 3125 Olodise
826 3057 1002 3124 deferenda
1031 3057 1131 3123 Furio
1162 3069 1195 3124 et
1223 3058 1359 3123 Aurelio
1391 3082 1483 3125 man-

429 3175 563 3241 dauerit.
606 3198 671 3262 qua
699 3177 739 3242 de
767 3198 802 3241 re
830 3186 944 3263 postea
974 3197 1071 3263 quem
1103 3175 1246 3264 priorum
1276 3178 1483 3243 saeculorum

429 3292 621 3379 interpretes
649 3295 753 3381 magis
790 3294 870 3358 mire
902 3315 998 3381 quam
1033 3293 1209 3381 prudenter
1243 3292 1481 3376 iudicauerunt,

429 3408 552 3498 primus
566 3412 606 3476 A.
622 3408 658 3475 F.
674 3410 706 3475 N
708 3410 819 3476 aelius
843 3410 955 3475 merito
978 3432 1016 3474 ea
1032 3410 1071 3476 de
1093 3433 1205 3476 causas
1228 3432 1246 3474 a
1269 3410 1314 3475 M.
1328 3410 1480 3498 Hauptio

431 3526 573 3612 (obseru.
610 3530 709 3595 critic.
742 3552 773 3616 p.
808 3528 864 3610 24)
905 3527 1054 3592 laudatus
1088 3526 1121 3592 in
1156 3526 1261 3592 indice
1296 3525 1481 3593 scholarum

429 3646 648 3713 Bonnensium
676 3668 734 3733 per
760 3644 900 3710 hiemem
929 3667 957 3709 a.
980 3644 1061 3708 1823
1081 3644 1265 3711 habitarum
1289 3653 1408 3709 rectam
1432 3646 1482 3710 in-

431 3764 626 3851 terpretandi
647 3764 735 3828 uiam
757 3763 921 3850 ingressus
943 3771 1000 3826 est.
1044 3761 1203 3827 intellexit
1232 3759 1316 3826 enim
1343 3762 1393 3825 uir
1421 3761 1480 3827 ille

433 3880 665 3947 adcuratissimi
685 3878 794 3944 iudicii
809 3877 972 3945 Catullum
994 3877 1143 3943 carminis
1158 3902 1191 3943 xr
1214 3876 1347 3942 exordio
1369 3880 1479 3965 amplo

432 4008 464 4063 et
494 3996 666 4084 magnifico
697 3998 776 4085 (quo
810 3996 940 4062 illorum
967 3996 1189 4062 famelicorum
1220 3995 1409 4060 fidelitatem
1441 4006 1477 4062 et

432 4116 688 4193 obseruantiam‚
721 4136 785 4202 qua
815 4114 960 4202 inpulsos
982 4124 1070 4179 certo
1093 4114 1153 4178 scit
1175 4136 1209 4177 se
1230 4134 1477 4200 quoqucuersus

430 4230 590 4298 indefesse
625 4232 832 4297 comitaturus
862 4252 950 4312 esse,
984 4228 1134 4296 laudibus
1165 4230 1292 4316 magnis
1319 4228 1479 4294 extollere

1120 4413 1137 4453 ό
