3342 5200
400 639 451 690 804
778 635 844 688 xm
876 637 925 688 DE
942 635 1067 690 susum

400 802 517 872 cilicis
536 803 573 870 P.
598 801 760 869 Volumnii
782 801 897 868 litteris
921 802 1119 890 respondem
1140 801 1195 885 (sd
1210 801 1285 866 fem.
1299 823 1341 866 vn
1356 803 1400 867 32
1415 803 1450 887 l)
1566 827 1572 834 ·

400 924 460 986 me
478 925 511 984 ιἰι
532 913 636 984 biteris
659 919 765 1006 inquit
787 919 894 984 mansu
909 917 987 983 nuli
1000 919 1188 1004 pmueundu
1201 918 1339 1003 ficerunt
1356 942 1451 1004 prae·

399 1047 445 1100 ter
464 1035 541 1100 illud
559 1035 644 1122 quod
659 1057 772 1121 porum
792 1036 949 1120 dels‘penter
963 1036 1115 1120 ροιιιιιίο
1128 1038 1294 1101 editurum
1308 1059 1451 1101 mearum

398 1175 420 1218 a
440 1165 467 1216 te
484 1163 683 1239 procuratore
704 1150 887 1236 defenditur.
929 1157 978 1217 uis
999 1152 1090 1229 enim,
1112 1164 1145 1217 ut
1164 1175 1219 1238 epo
1240 1153 1450 1235 ἀίιοοεεενίηι,

399 1271 503 1336 mania
523 1271 657 1336 omnnium
680 1267 785 1350 dieta,
815 1267 854 1332 s'n
875 1267 940 1332 leis
961 1273 1079 1333 etiam
1100 1265 1301 1348 flactiano,
1335 1275 1367 1333 iu
1403 1293 1452 1332 me

399 1385 547 1471 conferri.
590 1387 689 1472 quu'd?
716 1397 746 1449 tu
774 1385 807 1448 id
831 1385 977 1470 pateam
1008 1408 1068 1450 non
1101 1409 1149 1450 me
1180 1384 1355 1470 defendis?
1386 1409 1450 1450 non

398 1504 544 1568 resistis?
564 1501 652 1568 unde
666 1502 761 1588 plene
775 1499 973 1588 intellegitur
983 1511 1104 1589 quanto
1119 1523 1218 1590 opere
1229 1501 1343 1567 Cicero
1359 1502 1452 1590 quod

398 1619 459 1685 sibi
485 1619 548 1684 sint
577 1617 719 1685 Sestieni
749 1619 832 1684 sales
861 1619 1025 1684 innenusti
1056 1619 1271 1708 inurbanique
1300 1619 1451 1685 attributi

398 1743 552 1824 grsustns
574 1733 624 1800 sit
666 1747 852 1822 prseteres,
883 1746 920 1802 ut
948 1737 1117 1802 Ernestius
1145 1746 1235 1802 recte
1267 1736 1450 1818 ednotauit‚

398 1851 541 1920 Sestium
562 1852 701 1918 facetum
726 1853 827 1920 uideri
849 1852 991 1920 uoluisse
1009 1877 1051 1919 ex
1072 1853 1211 1941 epistula
1231 1876 1253 1918 v
1274 1854 1304 1935 6,
1326 1852 1360 1919 in
1382 1875 1451 1940 qun

397 1969 524 2036 Tullius
551 1991 623 2036 eum
652 1971 856 2055 sulcentur,
886 1971 1006 2057 conligi
1031 1981 1146 2058 potest.
1198 1971 1298 2037 multo
1331 1981 1450 2037 contre

397 2086 565 2154 dilucidius
587 2109 684 2176 quem
705 2089 739 2153 in
761 2088 897 2175 epistula
917 2087 959 2154 ad
974 2087 1186 2153 Volumnium
1201 2088 1274 2153 datu
1295 2087 1351 2152 illa
1371 2111 1450 2154 con-

396 2215 552 2292 temptum
579 2205 701 2293 ingenii
730 2204 828 2272 Sentii
859 2227 954 2270 suum
979 2202 1096 2297 Cicero
1123 2204 1172 2269 his
1200 2205 1361 2291 expressit
1388 2206 1448 2289 (ad
1559 2295 1566 2305 “

396 2323 540 2388 Atticum
561 2344 601 2387 vn
626 2323 663 2386 17
685 2323 721 2407 2)
750 2321 858 2389 uerbis
887 2345 971 2411 quae
999 2321 1181 2409 subscripsi.
1223 2323 1305 2386 scire
1330 2323 1449 2387 inmte

395 2451 507 2524 oportet
527 2439 565 2504 L.
582 2439 702 2504 Caesar
722 2463 802 2526 quae
820 2463 967 2525 reepmaec
988 2438 1110 2525 referat
1129 2463 1152 2503 a
1172 2438 1338 2525 Pompeio,
1365 2463 1448 2525 quas

395 2557 437 2622 ab
466 2559 567 2623 eedem
594 2555 641 2622 ad
667 2555 830 2623 (laesuram
849 2555 943 2643 ferat
968 2558 1096 2623 ls'tterae.
1147 2557 1282 2641 scriptae
1308 2557 1389 2621 enim
1417 2570 1448 2621 et

395 2677 484 2739 datae
505 2676 551 2739 ito
570 2686 641 2741 eunt
659 2688 693 2739 at
708 2688 946 2761 proponerentur
974 2676 1008 2739 a‘n
1026 2674 1150 2759 publico
1170 2700 1182 2738 .·
1202 2676 1239 2739 s'n
1264 2697 1323 2760 quo
1352 2697 1446 2738 eccm

394 2793 470 2857 sani
492 2814 607 2857 mecum
635 2793 700 2877 ipse
720 2794 916 2876 Pompeium,
944 2797 999 2878 qui
1021 2815 1089 2855 cum
1117 2796 1241 2876 emptor
1272 2791 1447 2856 luculentus

394 2920 481 2986 essa,
502 2921 603 2973 tentae
623 2931 683 2989 res,
705 2920 795 2995 atque
814 2930 870 2971 eas
889 2930 969 2993 quac
985 2911 1162 2972 insomnium
1176 2930 1284 2971 manue
1297 2919 1445 2971 uenturae

394 3038 501 3106 essent,
526 3024 618 3090 Sestio
643 3036 744 3090 nostro
772 3024 954 3089 scribendas
980 3025 1107 3088 dedm't.
1149 3025 1254 3110 itaque
1273 3023 1355 3089 nitet
1374 3047 1445 3088 um-

393 3165 486 3229 quam
516 3144 578 3229 lepi
605 3143 750 3227 scriptum
781 3139 1061 3227 σηπιωδέσιεροι.
1112 3140 1184 3205 ideo
1215 3139 1284 3204 iure
1317 3141 1443 3227 optimo

393 3257 539 3326 Catullus
561 3257 659 3325 Sestii
681 3259 799 3324 melum
821 3257 939 3323 librum
960 3258 1118 3342 despexit.
1161 3256 1287 3321 aceedit
1308 3269 1345 3321 nt
1366 3254 1443 3322 Ses-

392 3376 456 3441 tius
478 3375 584 3441 animo
606 3375 746 3461 litigioso
769 3385 801 3440 et
821 3374 972 3441 insolenti
993 3374 1106 3455 fuerit,
1136 3373 1222 3439 unde
1249 3372 1344 3438 facile
1364 3396 1443 3460 coge

392 3494 536 3559 noscitur
561 3515 619 3558 eur
646 3485 784 3579 ‘plenum
812 3492 926 3557 ueneni
957 3502 989 3556 et
1015 3484 1228 3578 pestilentiee’
1247 3490 1280 3554 in
1303 3490 1442 3566 Antium

392 3609 557 3697 scripserit
588 3608 774 3675 orationem.
828 3608 869 3673 ot.
898 3605 1064 3674 Ciceronis
1093 3608 1194 3673 uerba
1221 3609 1302 3673 haec
1330 3607 1372 3673 ud
1395 3606 1439 3687 Q.

391 3726 524 3791 fratrem
546 3749 563 3791 ιι
586 3728 607 3791 4
630 3728 670 3792 l:
692 3728 777 3803 illud,
799 3726 880 3813 quod
894 3727 956 3791 teti
974 3749 1066 3791 curae
1086 3749 1178 3810 saepe
1198 3749 1264 3789 esse
1283 3724 1440 3789 intellm

391 3865 476 3924 ram,
504 3866 543 3908 ne
568 3848 620 3907 cni
645 3845 750 3929 iniquo
777 3844 1014 3928 relinqueremus
1034 3844 1225 3928 uituperunde'
1242 3844 1357 3918 lecum,
1389 3849 1444 3928 qui

391 3982 443 4024 uos
464 3961 603 4046 inpratos
625 3982 692 4024 esec
713 3960 845 4039 diceret,
880 3965 941 4024 nisi
955 3961 1043 4024 illiue
1064 3958 1192 4045 (Sentii)
1210 3962 1440 4042 peruersitatem

390 4075 571 4160 quibusdam
593 4078 626 4140 s'n
641 4079 729 4141 rebus
742 4099 834 4161 quam
849 4077 1070 4141 humanissime
1089 4075 1244 4160 ferremus
1266 4075 1322 4158 (cf.
1338 4074 1439 4141 etiem

391 4191 430 4256 sd
455 4189 555 4269 Qu.
577 4214 595 4255 ιι
618 4191 705 4276 35),
727 4194 804 4256 seclo
830 4192 888 4255 tuoe
914 4216 970 4256 nos
998 4194 1031 4257 c‘a
1057 4215 1091 4257 eo
1119 4194 1234 4257 dadolo
1262 4205 1439 4258 consecutos
