3342 5200
505 633 580 685 vm!
616 634 664 684 DE
681 633 841 685 classus:
860 635 906 685 ΕΤ
923 633 1155 686 causamme
1305 636 1354 685 223
1388 660 1391 663 >

309 802 437 889 Heysio
466 800 536 865 aliis
564 822 675 865 uersus
702 800 775 865 illos
801 799 847 864 ita
869 800 990 865 sercin
1012 823 1111 865 unum
1132 821 1262 865 carmen
1285 822 1357 865 cou-

308 917 490 1005 iungendos
512 939 584 983 esse
607 916 809 981 arbitramur.

512 1082 639 1147 Othonis
661 1096 757 1167 eaput
777 1084 885 1168 oppido
904 1083 1065 1167 pusillam,

433 1202 436 1207 ’
511 1200 594 1263 Heri
612 1200 729 1263 rustica
750 1200 912 1264 semilauta
933 1222 1033 1296 mura,

510 1317 616 1379 subtele
637 1328 665 1379 et
685 1307 749 1380 leue
764 1315 901 1401 peditam
924 1316 1062 1397 Libonis,

509 1432 541 1497 a·
558 1455 618 1497 aea
641 1434 754 1514 amaia,
776 1433 932 1518 displicere
951 1432 1061 1496 uellem

508 1549 565 1613 sibi
585 1560 611 1613 et
632 1546 763 1631 Fascio,
785 1552 851 1612 seni
867 1560 1011 1612 rececw:

509 1670 645 1729 irascere
665 1666 777 1730 iterum
798 1665 873 1729 meis
894 1664 1006 1729 iambis

510 1782 738 1861 immerentibus,
759 1782 853 1847 arsiae
872 1783 1038 1867 eieperater.

310 1964 346 2028 in
366 1987 461 2031 uersu
484 1966 587 2053 primo
608 1979 667 2050 est,
696 1966 783 2054 quod
805 1967 838 2031 in
861 1966 951 2033 libris
971 1976 1046 2054 post
1066 1968 1182 2052 oppilo
1202 1967 1358 2054 scriptum

311 2092 379 2164 est,
412 2105 485 2148 cum
518 2083 666 2150 omnibus
695 2085 772 2149 uiris
800 2083 903 2149 doctis
931 2084 1048 2170 quibus
1078 2106 1207 2148 carmen
1235 2082 1358 2149 lacunis

312 2221 421 2265 carere
460 2200 608 2284 uidetur,
641 2224 679 2266 eo
708 2202 804 2267 citius
838 2200 936 2265 reieci
968 2222 1032 2286 quo
1061 2201 1190 2287 saepius
1224 2202 1357 2264 uerbum

312 2315 549 2383 substantiuum
578 2319 702 2383 scribae
730 2319 809 2383 locis
834 2317 947 2382 alienis
967 2316 1160 2383 addiderunt
1180 2338 1188 2380 z
1209 2318 1250 2382 cl.
1272 2318 1358 2403 apud

312 2430 477 2499 Catullum
494 2455 626 2500 Lxxxuu
642 2435 663 2500 5
677 2434 847 2500 lectionem
862 2435 1036 2500 multorum
1058 2433 1211 2500 librorum
1233 2435 1296 2498 eius
1318 2446 1360 2499 est

310 2555 498 2639 praeisset
517 2575 642 2618 xxxvru
659 2553 687 2618 1.
706 2552 737 2635 2,
758 2553 814 2618 ubi
833 2551 965 2634 librarii,
987 2560 1063 2639 post
1079 2573 1176 2637 quam
1191 2549 1359 2638 archetypi

311 2669 421 2733 molest
441 2691 507 2734 nou
529 2669 727 2736 intellectum
747 2671 782 2735 in
802 2673 881 2734 male
901 2671 933 2734 se'
950 2677 1179 2756 corruperunt,
1211 2669 1290 2735 male
1317 2679 1361 2731 est

312 2785 344 2850 si
363 2797 588 2852 exercuerunt
611 2795 776 2873 praetcrea
791 2785 870 2851 nihil
887 2786 949 2850 nisi
964 2795 1075 2872 aperte
1090 2794 1242 2871 corrupta
1256 2804 1360 2849 emen·

311 2901 468 2967 dsuimua
511 2903 544 2967 in
565 2925 662 2968 uersu
683 2902 823 2969 secundo
851 2902 965 2968 ecdem
991 2901 1061 2966 iure
1092 2924 1156 2988 quo
1182 2899 1217 2966 in
1245 2902 1358 2989 quinto

311 3017 375 3083 uiri
402 3019 487 3085 docti
515 3019 642 3106 plurimi
670 3041 713 3085 ex
737 3020 893 3085 librorum
913 3020 1036 3104 sufficio
1057 3021 1204 3084 fecerunt
1224 3018 1359 3103 Fufiam,

312 3135 463 3222 equidem
490 3157 532 3200 ex
557 3136 711 3201 librorum
739 3135 781 3200 Es
809 3140 854 3200 eri
877 3136 930 3201 uel
951 3134 994 3199 Er
1014 3135 1086 3200 lteri
1104 3135 1239 3200 Herium
1261 3157 1359 3221 quen·

312 3252 406 3333 dam,
435 3252 522 3339 qued
544 3275 661 3318 nomen
683 3252 766 3339 apud
788 3251 959 3338 scriptores
982 3264 1014 3317 et
1035 3254 1068 3316 in
1090 3252 1190 3317 titulis
1218 3251 1360 3338 antiquis

313 3367 442 3455 saepius
472 3377 644 3456 conparet,
678 3368 804 3436 Catullo
835 3368 972 3434 restitui
1014 3368 1135 3434 ibidem
1165 3391 1224 3455 pro
1251 3374 1361 3433 rustice

313 3483 469 3553 librorum
495 3509 569 3551 cum
596 3486 749 3552 Turnebo
778 3486 896 3551 Vassis
922 3484 1067 3572 Hauptio
1099 3486 1223 3572 Heysic
1245 3489 1360 3550 rustica

313 3601 434 3690 scripsi.
463 3601 529 3669 Sed
546 3603 623 3690 quid
638 3603 770 3668 tandem
786 3599 933 3669 Catullus
950 3602 1012 3666 hoc
1028 3601 1170 3666 carmine
1183 3601 1278 3666 uult‘?
1300 3601 1361 3668 Ca·

312 3717 412 3784 tullus
432 3742 497 3785 nen
519 3720 606 3785 nulla
628 3720 706 3785 dicit
728 3720 767 3784 de
790 3719 907 3807 quibus
930 3720 999 3783 fere
1020 3728 1057 3783 ut
1077 3717 1193 3784 iterum
1212 3719 1273 3784 sibi
1292 3717 1360 3783 uni-

313 3857 370 3900 cus
384 3836 439 3901 ille
455 3837 619 3923 inperator
629 3835 785 3901 irascatur
799 3833 951 3921 prouidet
963 3859 970 3899 :
984 3828 1127 3912 ‘iterum',
1142 3835 1218 3919 quia
1230 3834 1361 3926 Caesar,

312 3961 349 4016 ut
370 3950 433 4016 iam
454 3952 619 4018 Victorius
641 3951 870 4038 (uarianlectt.
887 3975 953 4016 xxu
971 3951 1023 4032 15)
1046 3951 1135 4034 uidit,
1156 3951 1245 4038 prius
1264 3952 1363 4017 unde·

313 4068 470 4155 trigesimi
500 4068 650 4134 carminis
677 4092 790 4136 caussa
813 4068 942 4136 Catullo
966 4070 1084 4134 acriter
1104 4078 1361 4134 succensuerat:

312 4185 345 4253 id
368 4187 455 4274 qued
476 4195 508 4252 et
531 4185 682 4267 Suetonii
707 4185 890 4253 testimonie
914 4185 991 4271 (Iul.
1014 4186 1054 4250 73
1077 4187 1242 4262 Catullum,
1267 4210 1287 4250 a
1305 4209 1362 4273 que
