3342 5200
411 629 460 680 168
676 625 726 679 vn
761 627 809 678 DE
827 627 969 680 tumultu
986 625 1180 679 ammulco

408 793 446 858 ιι
472 791 614 878 rupeas
635 791 784 877 (venes)
808 793 1057 881 appensum
1076 806 1112 858 a
1137 777 1282 858 namn
1308 794 1374 878 epe
1391 815 1451 878 pa

409 911 483 975 blico
496 911 670 994 accipn'ant,
692 912 832 996 Apronio
847 911 965 976 lucrum
979 914 1072 975 dem.
1090 958 1098 974 .
1113 958 1122 975 .
1139 959 1147 976 .
1162 911 1314 995 Apronio,
1337 909 1457 975 delicia
1478 975 1508 985 ,,

406 1029 565 1112 praetoria
588 1026 695 1091 ussus·
712 1025 839 1112 aliquid
858 1027 940 1090 nessi
957 1037 1030 1090 sunt
1044 1029 1127 1090 dare.
1167 1039 1301 1112 puustote
1322 1027 1457 1112 Apronio

411 1141 533 1224 datum,
562 1143 596 1206 si
614 1143 831 1228 Apronianum
853 1143 996 1206 lucellum
1016 1165 1055 1205 ao
1076 1165 1136 1207 non
1154 1143 1318 1226 praetoria
1334 1143 1459 1228 maudo

410 1259 496 1324 uobis
516 1257 684 1324 uidebitur.
727 1263 850 1344 irrpmas
876 1271 910 1322 ut
938 1258 1081 1322 decumas
1112 1258 1267 1344 accipiant
1285 1283 1297 1322 .·
1317 1259 1459 1344 Apronio

411 1373 482 1440 dent
509 1375 591 1440 lucri
615 1376 707 1440 trr'tia'
732 1374 921 1438 medimnum
950 1395 1060 1438 xxxur.
1101 1374 1177 1459 pmii
1202 1373 1259 1438 hoo
1281 1381 1354 1438 eu?
1395 1397 1459 1439 unu

410 1493 521 1556 co'uitae
541 1515 582 1556 eu
599 1513 659 1556 uno
673 1513 752 1578 apro
765 1492 864 1576 plebis
879 1490 1037 1555 Romanae
1046 1513 1144 1576 prope
1157 1502 1316 1554 menstrua
1333 1491 1460 1556 cibaria

409 1610 564 1694 praamr's
600 1608 719 1693 inperio
762 1606 879 1672 donare
917 1606 1057 1691 Apronio
1098 1607 1228 1694 copitar.
1282 1606 1344 1671 hoc
1384 1608 1457 1672 loco

412 1722 503 1790 uides
530 1723 584 1789 uel
610 1711 734 1788 ‘lucelli'
758 1722 953 1788 uocabulum
980 1747 999 1788 a
1031 1721 1189 1788 Cicerone
1217 1724 1314 1809 plane
1341 1723 1458 1788 eodem

412 1861 509 1905 sensu
529 1852 719 1928 usurpatum
740 1863 812 1906 esse
832 1851 931 1927 atque
946 1863 966 1904 a
981 1838 1110 1905 Catullo
1131 1840 1165 1903 in
1185 1840 1328 1904 carmine
1342 1846 1458 1903 xxvni.
1543 1927 1547 1934 '

410 1957 491 2022 haec
519 1957 627 2022 omnia
659 1979 742 2044 quse
773 1955 915 2020 diximus
948 1978 1009 2020 usu
1049 1956 1201 2022 diuturno
1232 1964 1324 2020 tanto
1359 1977 1458 2042 opere

409 2073 592 2140 inueterata
617 2082 709 2138 erant
729 2085 766 2139 ut
786 2073 856 2137 fere
875 2073 1013 2158 quisque
1034 2072 1090 2161 qni
1110 2072 1338 2158 magistratum
1360 2095 1459 2160 quen-

411 2190 485 2255 dam
520 2192 553 2254 in
587 2189 785 2278 prouinciam
818 2199 948 2254 secutus
977 2200 1026 2255 est
1056 2190 1214 2277 pecuniae
1242 2191 1330 2255 omni
1359 2189 1458 2254 modo

411 2306 650 2395 conquirendae
671 2306 827 2393 inprimis
842 2327 972 2392 operam
988 2306 1081 2371 duret
1100 2305 1283 2393 usquehuc
1304 2305 1459 2371 uitiosum

410 2432 443 2489 et
466 2433 561 2512 turpe
575 2423 710 2490 haberet
732 2447 738 2487 :
762 2423 800 2486 cs.
816 2423 873 2487 x8
894 2445 1061 2510 ecquonam
1082 2425 1161 2488 mu'ld
1179 2421 1366 2510 (Bithynia)
1385 2447 1458 2508 pro-

407 2541 523 2625 fuisset
536 2564 609 2605 aere
619 2539 852 2607 etMonrmseni
863 2538 1016 2605 historiae
1026 2539 1194 2605 Romanae
1210 2563 1238 2605 ιιι
1251 2539 1322 2606 522.
1345 2541 1457 2627 itaque

412 2657 576 2725 Catullum
599 2680 727 2746 quoque
749 2678 822 2744 spes
844 2656 1031 2721 diuitiarum
1049 2656 1190 2738 incessit,
1212 2636 1268 2721 sed
1290 2656 1459 2742 prouincia

410 2797 524 2863 parum
537 2775 696 2861 largiente
708 2784 741 2839 et
754 2783 905 2860 praetore
916 2773 1092 2838 commodis
1104 2772 1245 2837 cohortis
1255 2795 1371 2860 parum
1385 2796 1458 2861 pro-

410 2891 541 2957 uidente
560 2890 686 2956 frustra.
722 2890 762 2955 de
778 2889 964 2977 prouinciae
984 2899 1130 2975 egestate
1145 2887 1362 2955 Catullust
1380 2890 1461 2955 nidd
1587 2929 1588 2978 p

410 3032 508 3094 neque
528 3010 606 3093 ipsis
621 3006 655 3093 (i.
670 3028 697 3072 e.
718 3006 883 3094 Bithynis)
906 3030 971 3071 esse
985 3017 1017 3070 et
1033 3007 1073 3072 19
1084 3007 1253 3092 prouincia
1275 3007 1362 3093 quod
1374 3010 1459 3071 mula

409 3126 564 3189 ineidaset
589 3133 721 3211 questus
743 3134 793 3189 est
813 3148 820 3189 :
842 3122 1040 3188 fertilitatem
1064 3134 1172 3189 tamen
1198 3124 1270 3210 agri
1297 3122 1458 3189 Nicaeen-

410 3241 454 3304 sis
475 3240 544 3327 ipse
559 3241 721 3305 xxxxvro
743 3239 1015 3305 commemorauit
1056 3238 1243 3304 Mammium
1263 3239 1371 3326 ipsum
1385 3262 1459 3327 pro·

409 3356 550 3420 uinciam
572 3379 669 3443 quam
691 3358 833 3421 maxime
854 3356 1050 3442 expilauisse
1073 3356 1132 3421 etsi
1154 3355 1233 3421 nihil
1255 3356 1348 3421 adest
1370 3357 1458 3444 quod

412 3471 545 3536 credere
571 3472 770 3556 dissuadeat,
792 3485 901 3538 tamen
927 3473 1111 3537 testimonio
1130 3472 1218 3537 nullo
1244 3472 1403 3548 traditur,
1425 3484 1457 3538 et

409 3588 552 3655 Obertus
575 3589 726 3655 Gitanins
759 3591 791 3654 in
824 3589 1063 3677 prolegomenis
1093 3588 1134 3653 de
1164 3598 1264 3675 gente
1290 3589 1456 3673 Memmia,

408 3726 492 3790 quae
512 3704 665 3772 Lucretio
687 3730 745 3772 suo
767 3707 940 3794 praemisit,
962 3730 994 3795 p.
1010 3707 1052 3771 35
1073 3706 1194 3771 fallitur
1215 3706 1392 3771 arbitratus
1415 3730 1457 3772 ex

410 3818 516 3885 Gellio
537 3845 557 3883 v
581 3823 620 3886 13
641 3824 661 3887 6
684 3825 804 3910 conligi
833 3845 929 3911 posse
951 3822 1157 3904 Memmium,
1188 3821 1265 3910 quia
1286 3844 1351 3888 non
1372 3824 1458 3889 bene

408 3935 610 4023 prouinciam
634 3940 891 4006 administrasset
912 3951 969 4005 aut
988 3939 1241 4027 prouincialibus
1262 3939 1456 4025 quibusdam

408 4051 558 4117 iniuriam
580 4054 757 4139 intulisset,
780 4080 799 4121 a
821 4056 863 4123 G.
888 4056 1030 4122 Caesare
1051 4066 1237 4121 accusatum
1259 4078 1336 4121 esse.
1382 4078 1456 4123 ean·
