3342 5200
314 662 348 715 90
597 660 622 712 V
655 662 703 713 DE
718 659 899 714 mouture
917 659 1071 713 cmm

314 826 412 891 tullus
454 826 575 892 indicet
616 827 849 913 turpitudinem
897 851 1052 918 umquam
1092 826 1269 912 obiecerit,
1324 828 1365 893 de

312 943 398 1009 illiue
431 944 663 1026 uituperatione
697 944 834 1031 cogitari
867 968 931 1011 non
962 966 1066 1033 posse.
1108 954 1221 1032 aperte
1251 956 1366 1011 contre

313 1060 512 1146 epigramma
552 1061 584 1125 in
629 1059 705 1127 Sex.
748 1061 917 1143 Clodium,
971 1061 1193 1129 administrum
1236 1072 1270 1127 et
1313 1062 1365 1128 ed·

316 1178 433 1243 seclum
456 1178 494 1243 P.
517 1175 640 1261 Clodii,
671 1182 824 1265 scriptum
854 1200 944 1262 ecee,
978 1179 1032 1266 qui
1062 1200 1100 1243 co
1121 1199 1244 1265 genere
1264 1177 1364 1266 turpi·

314 1295 435 1361 tudinis
457 1295 544 1383 quod
567 1295 685 1361 Graeci
707 1294 941 1379 γλωσσοποιεῒν
961 1295 1118 1375 dixerint,
1140 1316 1213 1359 cnm
1230 1293 1365 1378 Lesbio,

312 1413 373 1477 hoc
398 1423 446 1477 est
467 1410 583 1478 Clodia
612 1434 723 1477 sorore
744 1414 781 1479 P.
805 1411 920 1494 Clodii,
952 1413 999 1479 uti
1026 1411 1241 1478 correucuerit.
1286 1409 1364 1479 Sex

315 1538 424 1593 autem
440 1528 588 1595 Clodium
610 1528 859 1614 quadranteriee
882 1530 938 1614 (eit
958 1530 1064 1595 honor
1084 1527 1231 1612 nuribus)
1253 1529 1366 1593 cunni·

313 1646 439 1733 lingum
463 1644 564 1711 fuisse
582 1655 744 1711 testentur
764 1645 796 1710 hi
815 1645 980 1712 Ciceronis
1001 1646 1073 1727 loci,
1094 1646 1135 1711 de
1155 1645 1251 1709 domo
1268 1646 1311 1709 10
1323 1644 1366 1710 25

312 1776 344 1829 tu
373 1764 498 1830 deluoui
524 1765 725 1848 eproctirer'mo
736 1813 744 1847 ,
858 1769 1007 1849 quetuteri
1039 1764 1200 1828 libidinum
1233 1772 1365 1843 munem,

312 1881 430 1947 homr'm'
449 1882 641 1967 cqeutc'oeu'mc
663 1893 691 1945 et
711 1881 1001 1962 fociucroereeimo,
1031 1881 1100 1946 Sex.
1125 1878 1247 1960 Glodto,
1280 1879 1366 1944 eoet‘c

312 1999 361 2061 tui
379 1999 546 2081 conquirite,
570 1999 628 2083 qui
646 2019 701 2060 erra
722 1998 828 2081 linqua
851 2000 941 2061 etiam
963 2020 1098 2061 sororem
1119 2008 1200 2060 urum
1222 2018 1244 2059 a
1264 2007 1295 2060 te
1313 1995 1365 2059 cb-

312 2114 471 2181 alu‘euauit.
515 2114 554 2178 18
575 2113 615 2177 47
638 2114 718 2177 douc
746 2114 807 2177 uu·
833 2116 930 2199 leyem
960 2113 1085 2177 Clodiue
1113 2113 1243 2197 ecripec‘t
1271 2136 1365 2197 epra·-

313 2231 424 2296 cc'crem
447 2232 553 2317 linqua
573 2235 662 2295 cuo?
684 2279 691 2295 .
716 2279 724 2294 .
769 2228 855 2294 Sexte
871 2242 982 2311 uenter,
1006 2230 1084 2294 bonu
1105 2233 1202 2309 uenio,
1222 2233 1366 2317 quonium

312 2348 562 2413 cumdioleeticue
584 2371 617 2412 ec
640 2347 1032 2433 ethocquoquelc'qurt's..
1049 2345 1168 2411 ,3183
1181 2368 1294 2433 qrwere
1307 2346 1365 2411 tec

182 2475 185 2481 '
313 2464 414 2530 eder.
432 2462 546 2543 Clodio,
567 2465 716 2549 scriptore
732 2464 833 2551 lequm
849 2474 971 2527 tuorum
984 2488 995 2527 .·
1008 2463 1081 2527 iube
1100 2462 1211 2527 adesce
1231 2486 1242 2526 .·
1262 2464 1367 2527 latitet

311 2582 448 2657 omniuo,
480 2579 540 2646 ced
559 2581 589 2645 ei
605 2581 727 2667 requiri
745 2582 872 2645 iueeerie
883 2629 892 2661 ,
926 2581 1080 2645 iuuenieut
1098 2579 1253 2644 homiuem
1274 2579 1366 2666 apud

310 2722 443 2764 ecrorem
458 2711 542 2762 tuam
556 2698 757 2762 occultantem
772 2720 806 2761 ee
822 2687 928 2782 ‘capite
949 2697 1093 2762 deminuo.
1135 2708 1306 2783 praeterea
1322 2696 1365 2761 de

309 2816 437 2901 heruep.
465 2837 549 2901 reep.
571 2815 591 2880 6
615 2815 652 2878 ll
685 2837 777 2900 quum
804 2815 943 2899 primum
975 2814 1119 2878 inimicue
1146 2815 1217 2898 ipre
1243 2814 1280 2878 iu
1309 2813 1365 2877 itta

309 2945 485 3017 tempestate
505 2956 543 2996 uc
563 2944 646 2997 nocte
667 2933 717 2995 rei
733 2931 892 3016 publicae,
923 2952 992 2994 cum
1023 2942 1124 2994 cetera
1153 2931 1268 2994 seelera
1294 2931 1365 2994 etilo

309 3049 361 3114 utto
388 3049 500 3133 inpuro
530 3051 597 3113 Seu.
628 3049 728 3113 Clodii
753 3071 804 3112 ore
831 3049 924 3112 ducto
960 3048 1207 3132 conscripsisset,
1240 3069 1280 3111 ue
1299 3070 1366 3112 uua

309 3166 433 3251 quidem
463 3166 566 3252 ottiyt‘t
592 3168 688 3229 littera
714 3165 891 3252 reliyiouie.
942 3186 1001 3251 pro
1032 3162 1143 3230 Caelio
1164 3163 1207 3228 32
1228 3163 1268 3228 78
1290 3165 1361 3228 Sec.

312 3280 459 3362 Clodium,
482 3280 629 3345 homiuem
651 3281 717 3345 ciue
738 3303 771 3344 re
793 3285 854 3344 uice
866 3279 939 3364 fide
961 3281 1029 3344 eine
1043 3302 1100 3364 epe
1115 3281 1184 3345 eine
1204 3282 1273 3343 tede
1294 3281 1364 3344 εἰπε

302 3396 443 3482 fortunio
455 3444 464 3478 ,
494 3419 546 3460 ere
574 3397 677 3484 liuyua
708 3419 800 3461 mauu
828 3401 893 3460 uita
920 3401 1003 3460 omni
1021 3398 1240 3482 tuquinotum.
1263 3445 1271 3460 .
1293 3443 1302 3460 .
1324 3414 1364 3462 rte

309 3515 481 3598 potuumiui
503 3514 671 3578 obuolutum
693 3514 831 3577 muliebri
846 3517 973 3597 qratia,
1005 3512 1053 3578 M.
1076 3512 1212 3578 Coelium
1234 3513 1367 3578 titides·

311 3631 456 3695 muliebri
485 3633 692 3695 condonatum.
742 3629 784 3694 de
817 3630 913 3694 domo
948 3631 988 3694 10
1015 3629 1067 3694 26.
1098 3629 1136 3692 18
1164 3628 1214 3693 48.
1249 3629 1289 3694 19
1310 3631 1362 3696 50.

311 3747 447 3835 quisque
468 3746 623 3812 concedet
644 3745 746 3833 Lipeii
767 3745 977 3828 sententiam,
1009 3769 1105 3834 quam
1127 3747 1267 3810 muxime
1290 3769 1363 3833 pro·

311 3864 450 3930 babilcm
471 3886 541 3928 esee
561 3864 769 3930 Weichertus
791 3864 831 3929 dc
851 3864 918 3928 rell.
944 3873 1030 3949 poet.
1052 3886 1084 3950 p.
1105 3863 1178 3946 417,
1205 3862 1247 3927 22
1268 3863 1361 3947 dixit,

311 3981 389 4046 scite
417 4002 486 4046 esee
515 3982 740 4066 excogitatum.
785 3981 884 4046 nihilo
915 3981 1020 4046 minus
1049 4005 1120 4046 cam
1149 3981 1361 4046 recusandum

311 4122 379 4164 cese
402 4107 491 4185 puto.
535 4098 673 4186 primum
697 4098 726 4162 ei
748 4108 941 4184 argumento
964 4120 1029 4187 quo
1051 4098 1155 4184 primo
1178 4097 1249 4164 loco
1270 4121 1360 4185 prae·

310 4227 360 4282 ter
392 4214 536 4304 Lipsium
565 4213 712 4304 Scaliger
740 4238 871 4306 quoque
899 4238 975 4280 usus
1002 4225 1071 4296 eet,
1103 4215 1144 4281 de
1175 4214 1213 4282 P.
1245 4212 1361 4286 clodio
