3342 5200
513 654 591 706 VIIII
623 655 671 705 Du
690 655 848 706 CAESARE
867 656 912 705 ΕΤ
930 655 1157 707 causamme
1309 659 1358 706 207

313 820 497 908 Septembri
518 822 594 887 anni
615 820 733 897 699l55
754 844 857 909 usque
880 821 920 887 ad
948 821 1084 886 eundem
1114 843 1254 886 mensem
1283 844 1359 886 anm

311 940 475 1025 sequentis
506 938 653 1003 relictum
690 950 746 1004 est.
799 940 885 1005 idem
916 949 1044 1026 tempus
1076 938 1231 1004 adcurate
1263 940 1360 1004 etiam

312 1056 566 1122 consideratione
598 1057 776 1121 sententiae
809 1057 981 1122 uniuersae
1014 1055 1162 1121 carminis
1193 1055 1358 1142 reperitur.

312 1195 376 1260 qua
397 1173 507 1239 doceri
535 1172 682 1238 uidemur
708 1172 891 1256 Catullum,
923 1188 996 1238 cum
1020 1172 1194 1261 aliquando
1222 1172 1263 1237 de
1290 1172 1358 1238 Ma·

309 1313 419 1355 murra
442 1288 567 1354 Galliae
590 1300 623 1354 et
644 1289 832 1355 Britanniae
860 1289 1052 1376 praedatore
1077 1311 1222 1355 rumores
1241 1288 1275 1355 in
1297 1291 1359 1376 pri·

311 1408 371 1472 mis
391 1406 490 1472 ualidi
512 1430 553 1471 ex
575 1405 685 1472 Gallia
706 1406 843 1471 Romam
864 1415 1096 1493 peruenerant,
1128 1418 1198 1472 tum
1228 1427 1357 1473 carmen

311 1547 420 1589 xxvnu
443 1524 566 1589 fecisse.
610 1533 717 1611 atque,
741 1524 768 1588 si
790 1496 974 1589 adcuratius
993 1523 1125 1589 definire
1145 1522 1229 1607 lieet,
1251 1523 1357 1610 paullo

310 1652 422 1728 postea
453 1663 549 1728 quam
580 1641 619 1705 de
650 1641 756 1728 priore
779 1641 983 1729 expeditione
1004 1641 1193 1707 Britannica
1214 1640 1358 1706 homines

310 1758 425 1824 urbani
448 1758 601 1821 certiores
623 1757 701 1823 faeti
723 1768 813 1835 sunt,
844 1756 1007 1825 Catullum
1029 1758 1091 1823 hoc
1112 1780 1241 1823 carmen
1262 1757 1358 1845 scrip

310 1874 390 1940 aisse
419 1896 456 1939 eo
485 1875 647 1939 lubentius
676 1876 799 1939 conicio
829 1898 893 1964 quo
927 1874 1163 1961 diligentiorem
1194 1876 1228 1941 in
1260 1876 1357 1940 uersi·

309 1991 370 2056 bus
393 1993 429 2055 ll
454 2001 486 2057 et
509 1991 548 2055 12
570 1990 781 2077 expeditionis
802 1992 888 2056 illius
909 1994 1106 2057 mentionem
1126 1992 1213 2071 lecit,
1237 2001 1270 2057 et
1292 2013 1356 2079 quo

310 2109 489 2174 crebriores
519 2109 625 2174 nuntii
657 2107 698 2173 de
725 2108 846 2174 diuitiis
873 2130 892 2173 e
919 2109 1089 2175 Britannia
1115 2132 1135 2173 a
1156 2108 1296 2175 Caesare
1325 2119 1357 2174 et

311 2224 514 2293 Caesarianis
544 2226 717 2312 reportatis
746 2226 885 2291 Romam
914 2225 1170 2312 perforabantur.
1214 2227 1255 2290 cf.
1278 2224 1356 2292 Sue-

309 2343 390 2409 tonii
413 2343 508 2409 Gaas.
530 2343 570 2405 47
593 2343 793 2407 Britanniam
803 2344 921 2427 petisse
940 2367 994 2428 spe
1008 2344 1260 2431 marporiturum,
1282 2367 1357 2429 qua-

309 2484 376 2525 rum
397 2460 628 2546 amplitudinem
649 2458 852 2543 conferentem
874 2460 1022 2525 actardum
1043 2482 1099 2524 suo
1114 2483 1207 2524 mona
1221 2461 1358 2547 scopatae

308 2580 440 2663 pondua.
483 2577 529 2642 ita
550 2575 577 2640 si
598 2598 727 2642 caussas
748 2576 898 2643 carminis
920 2577 1080 2664 explicas,
1103 2586 1206 2643 totum
1228 2598 1356 2643 carmen

310 2695 394 2760 bene
425 2692 570 2781 intellegi
601 2703 736 2781 potest:
758 2694 821 2758 iam
850 2717 962 2759 uersus
990 2696 1122 2781 quintus
1151 2706 1184 2760 et
1215 2695 1357 2760 decimus

309 2813 437 2877 decede
459 2812 603 2895 Romule,
627 2815 702 2876 duee
724 2813 885 2876 uidebis
907 2811 1066 2898 etseras
1087 2813 1207 2878 bonum
1230 2835 1357 2877 sensum

310 2928 487 3015 accipiunt,
520 2938 556 2992 ut
584 2939 658 3016 pote
688 2928 804 3014 quibus
826 2926 972 2994 Catullus
1002 2931 1093 3017 quasi
1116 2932 1301 3018 expostulet
1322 2940 1358 2996 ut

311 3043 432 3112 Caesar
468 3047 501 3111 in
535 3054 697 3133 posterum
732 3044 931 3111 Mamurram
966 3046 1143 3134 diripiendo
1178 3049 1356 3136 prohibeat.

310 3165 375 3229 iarn
397 3185 511 3228 uersus
533 3163 697 3248 septimus,
719 3161 752 3226 in
776 3185 840 3250 quo
861 3162 938 3229 item
960 3165 1050 3229 uerbi
1070 3175 1198 3253 tempus
1214 3165 1358 3232 futurum

309 3281 445 3366 legitur,
469 3280 589 3366 optime
610 3301 644 3343 se
665 3279 772 3346 habet
815 3280 1014 3345 Mamurram
1042 3283 1142 3364 enim,
1173 3281 1199 3347 si
1229 3283 1358 3368 quando

255 3467 257 3480 ,
311 3399 338 3463 is
372 3419 390 3461 e
425 3396 591 3483 prouincia
627 3394 745 3464 diuitiis
780 3397 961 3463 recentibus
1002 3409 1136 3464 onustus
1177 3401 1357 3482 reuerterit‚

310 3515 459 3580 omnibus
487 3514 612 3579 Romae
639 3512 828 3580 mulieribus
859 3514 1082 3582 insidiaturum
1114 3539 1184 3582 esse
1211 3515 1357 3583 Catullus

309 3630 468 3731 prouidet.
512 3632 624 3696 eodem
645 3653 758 3696 uersus
781 3631 958 3718 uigesimus
979 3655 1039 3699 nos
1061 3632 1158 3716 ducit,
1185 3634 1271 3698 unde
1292 3657 1357 3722 quo

309 3757 455 3832 tempore
478 3744 625 3812 Catullus
647 3747 702 3812 illa
724 3748 861 3835 scripsit,
883 3757 950 3812 tum
973 3748 1171 3816 Mamurram
1193 3751 1225 3816 in
1248 3749 1357 3817 Gallia

309 3874 342 3930 et
356 3863 526 3930 Britannia
542 3863 726 3951 expilandis
745 3887 810 3930 nou
829 3864 894 3929 iam
910 3867 1006 3931 finem
1031 3867 1087 3932 sed
1109 3869 1215 3955 potius
1232 3869 1356 3934 initium

308 3990 435 4046 tantum
455 3982 689 4077 fecissepatet.
733 4004 807 4046 nam
831 4005 942 4048 uersus
964 3983 1018 4048 ille
1040 3984 1079 4050 de
1095 3987 1208 4058 timore
1223 3998 1272 4052 est
1293 4009 1357 4073 quo

308 4096 730 4198 Mamurrae2·dp'sfeptlonum
752 4122 866 4164 caussa
888 4109 944 4165 aut
959 4101 1047 4166 Galli
1068 4124 1106 4167 ac
1120 4103 1269 4168 Britanni
1291 4116 1355 4186 aut,
1412 4175 1422 4193 .

307 4215 336 4282 si
358 4215 525 4282 nobiscum
546 4184 655 4336 ἕψε,
677 4216 717 4281 de
739 4217 789 4282 his
811 4217 958 4283 homines
980 4218 1099 4327 urbani¹
1115 4219 1356 4286 adliciebantur.
