3342 5200
436 640 487 689 210
638 636 715 687 VIIII
748 636 797 688 DE
815 635 973 688 CAESARE
990 636 1037 687 ΕΤ
1053 633 1284 689 causamme

433 802 526 867 annis
547 800 609 867 illis
631 802 832 889 prouinciam
849 800 1032 887 Bithyniam
1048 810 1081 865 et
1096 802 1236 866 Pontum
1251 801 1480 883 administrare,

435 941 508 983 cum
529 918 750 1004 quinquennio
773 918 900 982 demum
921 926 995 1003 post
1016 939 1101 982 anno
1122 917 1240 995 680174
1259 917 1481 983 Nicomedem

434 1045 561 1100 mortuo
580 1034 737 1121 Bithynia
764 1034 896 1120 propria
924 1033 957 1097 in
978 1034 1164 1120 prouinciae
1186 1036 1324 1099 formam
1354 1036 1481 1100 redacta

434 1161 467 1217 et
497 1150 635 1216 sedecim
667 1150 796 1215 demum
825 1150 917 1215 annis
940 1160 1015 1237 post
1046 1173 1130 1215 anno
1158 1151 1275 1229 691163
1297 1151 1481 1219 Mithridate

434 1269 521 1333 uicto
544 1276 577 1333 et
598 1276 725 1332 mortuo
742 1266 987 1353 Paphlagoniae
1008 1278 1102 1355 parte
1120 1270 1229 1356 aliqua
1251 1269 1307 1352 (cf.
1324 1266 1482 1335 Schoene-

434 1406 570 1449 mannus
592 1384 632 1448 de
653 1382 808 1469 Bithynia
829 1406 860 1469 p.
882 1383 918 1467 2)
946 1383 1057 1450 addita
1085 1383 1254 1472 prouincia
1274 1384 1434 1473 Bithynia
1453 1395 1483 1450 et

435 1500 560 1565 Pontus
588 1500 737 1566 instituta
763 1499 814 1565 sit.
867 1500 978 1586 itaque
1005 1500 1066 1565 hac
1093 1522 1223 1588 quoquo
1250 1501 1415 1566 sententia
1440 1501 1483 1565 in·

434 1618 570 1703 probata
584 1616 616 1680 in
632 1617 817 1682 coniectura
832 1617 873 1681 ah
892 1616 1036 1704 Hauptio
1051 1618 1218 1705 proposita
1232 1616 1326 1682 nobis
1341 1616 1484 1703 adquies

434 1732 570 1797 cendum
594 1744 653 1798 est.
696 1734 771 1799 mrha'
788 1735 925 1819 quadem,
954 1733 1058 1819 inquit
1084 1734 1133 1797 uir
1162 1734 1335 1821 egregius,
1363 1733 1485 1819 praeda

435 1850 566 1913 Pontico
586 1851 671 1913 nudo
691 1849 809 1914 uidemr
827 1871 896 1914 esse
910 1850 975 1914 alic
992 1872 1081 1935 φιαηι
1096 1849 1217 1915 diustius
1238 1850 1313 1914 illae
1328 1852 1485 1915 maximae

435 1989 514 2052 quus
549 1942 721 2051 Pompeius
760 1990 799 2031 erc
835 1966 910 2030 bello
946 1965 1154 2030 Mithridatico
1187 1967 1360 2049 reportavit
1399 1980 1485 2053 atque

435 2083 736 2170 aaaynificeatissimo
757 2083 911 2166 triumpho
932 2106 1012 2147 anno
1026 2082 1150 2159 693161
1166 2083 1280 2167 populo
1296 2090 1484 2149 monstrarat

435 2198 517 2263 hanc
546 2199 698 2285 praedam
729 2221 749 2262 a
781 2197 937 2283 Pompeio
965 2197 1085 2263 factam
1114 2196 1262 2264 Catullus
1300 2221 1342 2264 eo
1379 2200 1485 2285 aptius

435 2315 699 2380 commemorauit
732 2313 818 2400 quod
841 2313 1040 2379 Mamurram
1068 2314 1227 2380 inmodice
1254 2314 1485 2402 locupletatum

435 2452 505 2495 esse
528 2441 559 2496 et
574 2430 707 2499 Caesari
727 2441 760 2496 et
774 2430 929 2518 Pompeio
951 2431 1077 2497 crimini
1092 2441 1124 2496 et
1139 2432 1218 2497 uitio
1233 2431 1343 2498 uertit.
1381 2456 1485 2521 nequo

435 2555 617 2635 temporum
639 2546 717 2613 ordo
739 2546 773 2612 in
794 2547 930 2613 Pontica
952 2558 984 2614 et
1005 2547 1130 2614 Hibera
1151 2548 1272 2635 praeda
1296 2571 1485 2619 enumeran-

435 2665 477 2731 da
498 2663 711 2729 confunditur.
753 2687 829 2729 nam
850 2665 1026 2752 Pompeius
1053 2688 1136 2731 anno
1163 2665 1312 2753 proximo
1344 2667 1411 2732 iam
1438 2690 1484 2733 re·

435 2803 548 2846 uersus
579 2779 700 2846 ultimis
731 2780 851 2846 mensis
882 2779 1084 2869 Septembris
1116 2780 1230 2847 diebus
1263 2783 1340 2847 anni
1368 2784 1482 2861 693161

435 2896 656 2983 triumphauit,
671 2897 793 2963 Cacsar
805 2898 953 2984 sequenti
965 2898 1093 2963 demum
1101 2921 1184 2963 anno
1199 2899 1307 2966 medio
1320 2922 1362 2965 ex
1370 2900 1484 2989 Hispa·

436 3012 490 3079 nia
513 3024 667 3098 praetura
694 3013 825 3078 functus
852 3014 956 3078 rediit.
1007 3013 1144 3101 denique
1175 3016 1322 3102 profecto
1346 3015 1484 3098 Catullo,

437 3152 509 3194 cum
529 3152 613 3194 anno
635 3130 752 3208 699166
772 3130 833 3197 hoc
857 3153 986 3198 carmen
1007 3133 1177 3210 scriberet,
1206 3134 1348 3200 maxime
1376 3157 1485 3201 ueren-

437 3247 511 3312 dum
533 3247 709 3312 fuissetne
729 3269 844 3314 uersus
865 3249 920 3314 ille
935 3251 1019 3315 male
1040 3251 1294 3337 intellegeretur,
1317 3251 1344 3316 si
1365 3251 1400 3316 in
1422 3274 1485 3317 car·

435 3362 521 3427 mine
542 3362 735 3451 Pompeium
763 3364 820 3429 uix
850 3365 956 3431 minus
984 3388 1081 3453 quam
1104 3367 1277 3434 Caesarem
1306 3371 1485 3456 castigante

437 3478 566 3544 nomine
593 3481 732 3568 praedae
761 3480 918 3548 Ponticae
949 3482 995 3549 ita
1023 3506 1099 3549 usus
1127 3495 1212 3550 esset
1240 3495 1276 3550 ut
1305 3508 1373 3550 non
1399 3485 1486 3552 illam

437 3596 724 3682 praeclarissimam
746 3608 778 3662 et
800 3599 950 3664 omnibus
966 3599 1164 3665 notissimam
1179 3600 1316 3688 Pompei
1335 3605 1486 3690 praedam

438 3712 495 3777 sed
513 3715 621 3779 nescio
640 3737 736 3801 quam
751 3715 848 3780 ualde
864 3716 1034 3782 obscuram
1054 3717 1183 3783 nomine
1200 3718 1359 3784 Ponticae
1381 3721 1436 3785 uix
1457 3730 1489 3786 et

438 3850 479 3893 ne
513 3830 569 3894 uix
597 3832 727 3916 quidem
762 3830 893 3918 dignam
927 3832 1127 3898 artificiosius
1161 3843 1193 3899 ct
1224 3837 1404 3903 contortius
1434 3835 1488 3902 ad·

436 3945 629 4032 pellauisset.

522 4058 634 4128 ‘Socer
654 4056 829 4151 generquc'
856 4065 960 4132 eidem
982 4076 1014 4132 et
1036 4089 1146 4132 eorum
1169 4068 1303 4133 deliciae
1325 4069 1491 4138 Mamurra

436 4188 565 4266 praeter
593 4202 722 4244 carmen
750 4204 860 4247 xxvuu
890 4181 922 4246 in
953 4183 1092 4248 carmine
1120 4189 1198 4249 cxiii
1221 4205 1351 4271 quoque
1372 4187 1489 4274 partim
