3342 5200
499 630 524 681 V
557 630 604 681 DE
620 630 802 684 Anoamvs
820 628 976 683 curvum
1211 634 1260 685 1οῚ

210 807 244 862 et
266 798 383 864 incesti
403 796 537 885 triplicis
557 798 676 861 scelere
697 796 972 885 inquinatissimus
997 820 1019 863 a
1040 794 1169 864 Catullo
1190 798 1261 864 des-

210 916 337 1001 criptus
365 924 432 997 est,
465 915 506 980 ab
529 913 661 997 eodem,
696 914 723 978 si
752 914 877 981 adulter
903 936 1034 1001 quoque
1055 914 1184 997 fuisset,
1216 915 1260 981 ob

210 1033 273 1096 hoo
294 1030 453 1117 flagitium
472 1031 654 1118 inpunitum
676 1031 822 1096 relietum
844 1030 947 1099 esse‘l
987 1053 1094 1119 neque
1113 1031 1260 1098 Catullus

209 1148 327 1236 opinor
347 1147 491 1213 Gellium
520 1146 605 1234 quod
634 1170 770 1213 uxorem
795 1142 998 1215 ‘libertinam'
1017 1148 1164 1214 (luxisset
1183 1149 1260 1214 inri-

209 1264 290 1330 dere
310 1265 586 1351 praetermisisset.
628 1287 671 1330 ex
691 1265 741 1329 his
756 1264 1003 1331 difficultatibus
1023 1288 1083 1332 nos
1103 1266 1259 1352 expedire

208 1400 277 1445 non
297 1400 479 1467 possumus,
500 1381 563 1445 nisi
585 1381 755 1446 statuimus
770 1380 924 1459 Gellium,
947 1404 1012 1469 quo
1034 1391 1181 1469 tempore
1199 1382 1259 1448 Ca-

208 1497 310 1563 tullus
333 1498 568 1585 epigrammata
589 1498 622 1561 in
644 1518 718 1562 eum
733 1498 878 1581 coniecit,
900 1499 1056 1564 nondum
1076 1499 1260 1564 libertinam

208 1614 297 1679 illam
319 1614 353 1679 in
373 1614 613 1679 matrimonium
635 1615 774 1681 duxisse.
817 1616 875 1681 sed
895 1616 971 1681 uide
986 1638 1084 1704 quam
1099 1617 1260 1681 sententia

207 1730 264 1795 illa
295 1752 412 1817 parum
439 1730 616 1817 probabilis
645 1730 705 1813 sit,
738 1753 811 1797 eum
832 1731 928 1797 simul
947 1730 977 1796 ei
997 1733 1054 1818 qui
1074 1733 1137 1798 hoe
1158 1731 1261 1799 eredit

208 1848 401 1913 sumendum
423 1857 473 1913 est
499 1870 582 1912 anno
611 1848 727 1925 697157
750 1846 891 1914 Gellium
913 1849 1097 1915 libertinam
1118 1849 1259 1932 duxisse,

208 1986 294 2029 anno
318 1973 532 2051 anteaquam
557 1961 671 2029 Cicero
705 1962 889 2030 Sestianam
917 1965 1033 2032 habuit
1059 1992 1067 2032 :
1094 1990 1168 2032 nam
1198 1965 1259 2033 Ca·

207 2081 278 2147 tulli
299 2080 335 2145 in
357 2078 497 2146 Gellium
519 2082 671 2157 earmina,
692 2090 730 2146 ut
750 2082 834 2147 infra
856 2103 1067 2170 exponemus,
1089 2107 1118 2149 a.
1140 2084 1260 2159 696158

208 2198 330 2283 scripta
357 2206 440 2261 sunt
485 2196 621 2283 quodsi
650 2217 762 2261 uerum
785 2207 886 2280 esset,
913 2196 1028 2264 Cicero
1058 2200 1128 2265 sine
1159 2200 1258 2266 dubio

208 2314 343 2379 dixisset
364 2312 505 2379 Gellium
526 2336 624 2399 nuper
644 2313 827 2379 libertinam
849 2314 988 2382 duxisse.
1032 2316 1158 2382 secedit
1172 2318 1258 2405 quod

208 2430 278 2495 ueri
310 2430 413 2495 simile
441 2450 508 2495 non
535 2440 584 2495 est
613 2428 776 2514 Gellium,
806 2455 891 2497 anno
912 2433 1028 2510 697157
1059 2441 1167 2500 aetate
1194 2435 1258 2499 iam

208 2546 457 2635 prouectiorem,
480 2546 543 2612 hoc
566 2546 694 2613 demum
715 2570 799 2614 anno
820 2548 1057 2616 matrimonium
1086 2550 1195 2616 iniisse
1216 2559 1259 2634 et,

208 2664 241 2728 id
255 2664 345 2751 quod
359 2664 432 2750 plus
453 2664 548 2746 ualet,
572 2663 705 2730 Clodiae
726 2677 896 2753 acceptum
911 2676 944 2732 et
957 2668 1134 2755 gratiosum
1148 2669 1258 2734 fuisse.

208 2790 243 2846 ut
264 2783 352 2846 enim
366 2780 407 2846 de
423 2781 521 2848 Gellii
543 2791 649 2847 aetate
665 2803 867 2870 quaeramus,
888 2782 965 2848 inde
979 2783 1067 2871 quod
1082 2784 1198 2850 Cicero
1213 2785 1260 2851 ait

208 2899 243 2962 ia
257 2899 455 2983 amplissumis
474 2899 634 2964 insomnes
650 2898 688 2964 L.
704 2899 847 2988 Philippi
861 2900 968 2966 uitrioi
982 2923 1056 2965 eum
1073 2901 1187 2967 florere
1204 2925 1258 2989 po

208 3015 318 3098 tuisse,
333 3037 407 3080 eum
418 3015 457 3081 L.
469 3015 611 3081 Marcius
622 3015 791 3104 Philippus
803 3040 830 3082 a.
842 3018 959 3095 663191
972 3020 1084 3084 consul
1097 3028 1129 3084 et
1141 3019 1258 3097 668186

209 3153 323 3196 censor
355 3143 456 3214 esset,
492 3133 640 3199 concludi
671 3144 776 3221 potest
804 3157 878 3200 eum
905 3134 1071 3202 Ciceronis
1091 3137 1257 3224 aequalem

208 3271 294 3314 anno
315 3247 384 3313 fere
399 3249 537 3326 6481106
557 3261 669 3316 natum
689 3272 781 3316 esse:
797 3274 880 3339 quae
899 3252 1102 3318 ratiocinatio
1123 3275 1163 3318 eo
1184 3277 1257 3319 eon-

208 3364 356 3430 finnatur
385 3365 473 3453 quod
502 3367 604 3432 frater
632 3366 730 3434 Gellii
758 3368 928 3456 priuignus
957 3390 999 3433 ex
1021 3371 1133 3435 eadem
1155 3381 1258 3438 matre

207 3491 298 3546 ortus
309 3482 341 3565 *)
358 3482 394 3546 L.
409 3481 553 3548 Marcius
571 3483 750 3571 Philippus,
772 3508 845 3550 oum
860 3510 887 3551 a.
902 3487 1020 3570 698156
1033 3490 1146 3554 consul
1161 3501 1256 3572 esset,

207 3619 272 3662 non
305 3610 380 3685 post
409 3621 527 3664 annum
557 3599 673 3677 655199
702 3610 797 3666 natus
835 3625 906 3668 esse
933 3613 1050 3689 potest·
1100 3605 1139 3670 L.
1170 3609 1257 3673 enim

205 3839 409 3849 -—-——

275 3998 303 4067 *1
323 4002 357 4051 ef.
382 4001 466 4052 schol.
487 4001 554 4054 Bob.
578 4018 625 4069 pro
647 4001 713 4053 Sest
731 4020 755 4070 p.
775 4006 825 4056 304
850 4003 879 4056 L.
904 4003 1021 4058 Marcius
1044 4004 1188 4074 Philippus,
1213 4011 1258 4076 pa·

206 4096 282 4146 diam
301 4095 407 4164 conlega
426 4094 471 4146 Cn.
490 4095 593 4147 haculo
612 4097 759 4151 Marcellino
777 4099 805 4148 ia
823 4099 955 4151 consulatu
971 4101 1034 4164 fait,
1051 4103 1160 4166 fratrem
1177 4103 1256 4154 tale-

207 4189 248 4240 tat
266 4193 394 4244 aramum
411 4189 439 4244 1..
450 4191 559 4245 Gelliam
576 4202 599 4244 et
619 4195 701 4264 pacm
711 4203 830 4262 woman
848 4194 955 4265 adparet
972 4194 1102 4250 &aaa
1118 4198 1254 4252 sasaim
