3342 5200
451 655 478 708 11
511 655 560 709 DE
575 653 682 709 sums
698 655 832 711 rursm
848 658 896 710 ΕΤ
911 657 1044 711 rernm
1065 657 1220 713 (rervm
1322 663 1356 713 47

310 821 374 891 On.
395 825 419 889 f.
441 823 478 888 L.
509 822 661 891 Cornelio
693 823 800 892 Cinna
828 847 909 891 coss
941 836 1053 891 netum
1084 848 1154 892 esse
1186 826 1361 893 docuisse:

310 962 378 1029 quo
398 940 485 1007 fecto
508 940 802 1030 chronographum,
832 965 906 1007 cnm
933 943 1018 1030 apud
1047 940 1236 1009 Suetonium
1264 944 1361 1030 trige-

311 1058 394 1123 simo
423 1079 508 1124 anno
538 1060 654 1148 aetatis
682 1068 812 1146 poetam
844 1058 1060 1126 Veronensem
1095 1069 1256 1126 mortuum
1288 1083 1362 1127 esse

309 1175 463 1262 legisset,
495 1184 532 1240 ut
563 1175 604 1241 de
631 1176 731 1242 natali
752 1176 798 1243 its
820 1179 915 1243 etiem
938 1178 978 1243 de
999 1178 1090 1244 fatali
1111 1198 1195 1243 snno
1217 1177 1361 1244 decennii

310 1292 617 1358 metachronismum
648 1294 856 1361 commisisse.
898 1295 1125 1361 Lachmannus
1157 1295 1272 1379 igitur,
1307 1296 1360 1361 cui

311 1410 478 1497 Hauptius
507 1421 630 1497 quaest.
663 1408 781 1477 Catuli.
811 1434 842 1499 p.
876 1413 916 1476 15
946 1411 1165 1476 Bemhsrdius
1197 1411 1270 1477 hist.
1298 1412 1359 1478 litt.

311 1526 409 1593 Rom.
434 1548 465 1613 p.
481 1527 543 1591 514
557 1524 594 1593 0.
610 1527 648 1593 F.
666 1526 874 1593 Hermanno·
895 1528 937 1593 sd
955 1528 1090 1593 Hieron.
1108 1537 1249 1615 excerpt
1268 1549 1300 1615 p.
1320 1530 1361 1596 10

310 1643 599 1711 Reifferscheidius
618 1644 661 1709 ad
685 1642 818 1711 Sueten.
841 1667 872 1731 p.
887 1644 928 1709 39
950 1644 1171 1727 adcesserunt,
1196 1642 1359 1711 Catullum

311 1760 465 1848 opinetur
484 1761 525 1826 sb
542 1783 626 1849 enno
645 1761 763 1837 678176
780 1761 821 1827 sd
843 1784 961 1827 annum
978 1762 1093 1839 708146
1114 1784 1217 1850 usque
1238 1761 1361 1828 uixisse

311 1879 360 1962 (u.
378 1878 418 1943 sd
433 1877 621 1945 Lucretium
638 1901 670 1965 p.
685 1879 768 1964 174).
803 1900 887 1965 quse
899 1880 1059 1944 sententia
1073 1878 1247 1966 speciosior
1261 1902 1360 1967 quam

310 1993 420 2059 uerior
439 1995 486 2060 eis
506 1994 663 2061 refellitur
684 2017 768 2083 quoe
785 2016 883 2083 supra
902 1994 943 2059 de
961 1996 1103 2060 carmine
1120 2015 1165 2062 nu
1183 1996 1357 2083 disputoui·

309 2134 384 2177 mus
395 2159 405 2193 ‚
438 2111 524 2176 unde
557 2134 629 2176 cum
662 2110 825 2177 Catullum
855 2111 988 2177 Vatinio
1014 2113 1146 2178 consule
1172 2113 1270 2179 etism
1291 2123 1360 2180 tum

310 2227 516 2315 superstitem
538 2229 638 2293 fuisse
658 2228 823 2314 conligere
843 2250 909 2295 non
931 2227 1044 2311 liceat,
1069 2251 1183 2295 coesse
1204 2230 1307 2296 omnis
1329 2240 1361 2297 et

311 2346 406 2434 qussi
416 2346 658 2412 fundumentum
668 2355 772 2412 totum
784 2347 987 2412 coniecturae
996 2346 1278 2414 Lachmannisnse
1288 2348 1360 2414 sub

309 2473 452 2529 tractum
470 2472 503 2529 et
521 2463 705 2551 odemptum
722 2473 781 2529 est.
811 2463 926 2529 deinde
941 2486 980 2528 ee
993 2464 1133 2530 maxime
1151 2465 1361 2553 inprobabilis

309 2579 461 2664 uidetur,
493 2581 521 2646 si
541 2579 583 2647 ed
605 2581 743 2648 Lesbiae
765 2581 891 2670 puellae
913 2606 931 2648 c
953 2591 1051 2670 poeto
1073 2592 1199 2650 omctse
1221 2593 1359 2649 oetatem

309 2699 512 2787 respicimus.
534 2699 707 2764 etenimex
719 2699 1360 2788 eisquoeinfradeLesbise'temporibus
1397 2719 1400 2724 ·

309 2837 528 2904 exponemus,
551 2816 693 2883 elucebit
710 2816 805 2882 nobis
825 2816 920 2882 ualde
942 2816 1124 2883 cauendum
1145 2838 1217 2883 esse
1237 2840 1278 2883 ne
1299 2816 1359 2885 Oo-

308 2932 426 2998 tullum
452 2933 615 3020 eliquanto
645 2934 805 3021 posterius
831 2956 929 3020 quam
956 2933 1177 3022 Hieronymus
1204 2935 1359 3001 indicauit

308 3059 424 3116 notum
450 3072 522 3116 esse
550 3072 717 3138 ponamus.
759 3071 866 3137 neque
893 3049 955 3115 uiri
978 3050 1063 3116 docti
1085 3063 1161 3118 onte
1183 3053 1359 3118 Lachman-

308 3188 388 3232 num
410 3167 450 3232 de
471 3168 609 3233 ueritate
631 3167 706 3231 anni
727 3167 844 3233 natalis
866 3168 908 3233 eb
930 3168 1129 3256 Hieronymo
1150 3170 1282 3235 indicati
1304 3169 1360 3235 du·

308 3285 507 3368 himnorum,
528 3284 585 3350 sed
607 3283 749 3349 carmine
772 3303 814 3349 nn
836 3284 959 3350 seducti
981 3296 1132 3352 nontam
1154 3288 1359 3355 tricenarium

309 3424 411 3490 quom
438 3401 733 3490 quadragenarium
764 3411 894 3490 poetam
920 3425 949 3468 a.
972 3402 1086 3480 707147
1108 3414 1271 3471 mortuum
1289 3427 1360 3472 esse

309 3527 513 3601 statuerunt,
545 3519 591 3583 ito
611 3517 819 3585 Weichertus
852 3519 892 3583 de
917 3518 955 3584 L.
984 3518 1073 3585 Varii
1102 3521 1171 3587 uite
1195 3544 1226 3609 p.
1253 3523 1295 3586 24
1326 3533 1358 3589 et

309 3635 485 3702 Paldamns
507 3635 547 3700 de
568 3644 653 3722 poet.
676 3634 772 3700 Rom.
795 3646 929 3700 amator.
951 3659 981 3723 p.
997 3636 1038 3701 28
1059 3648 1093 3702 et
1112 3637 1266 3705 Munlrius
1285 3640 1356 3705 hist

308 3752 371 3818 litt.
394 3752 467 3818 Las.
487 3775 507 3818 ιι
532 3752 601 3817 178.
645 3774 726 3841 quos
755 3773 795 3816 ne
823 3752 908 3817 hanc
929 3755 1121 3819 sententium
1141 3767 1357 3843 proponerent

309 3869 470 3936 cautiores
500 3868 636 3935 reddere
673 3867 812 3935 debebat
848 3869 881 3934 id
917 3871 1002 3957 quod
1040 3871 1170 3939 Vatinio
1205 3873 1356 3938 extremis

309 3987 442 4053 demum
463 3988 583 4052 mensis
605 3986 796 4053 Decembris
818 4009 848 4052 a.
869 3987 984 4064 707s47
1014 3988 1126 4053 diebus
1154 3989 1355 4056 consulatum

309 4107 428 4192 edepto
468 4102 633 4171 Catullum
675 4105 752 4191 ipsis
794 4104 915 4170 eisdem
949 4103 1063 4170 diebus
1098 4105 1222 4188 ⁸librum
1264 4129 1357 4172 suum

309 4222 452 4290 edidisse
492 4230 526 4287 et
566 4221 712 4310 protinus
746 4231 911 4288 mortuum
945 4244 1015 4288 esse
1050 4222 1237 4289 sumendum
1274 4233 1353 4291 erut.
