3342 5200
789 1767 895 1851 VIII

425 1973 532 2061 Supra
572 1996 645 2038 cum
680 1975 720 2040 de
755 1974 870 2040 itinere
907 1972 1079 2061 Bithynico
1116 1974 1364 2063 disputaremus,

320 2092 428 2156 fratris
466 2091 586 2156 Catulli
618 2092 810 2156 mentionem
842 2090 904 2154 iam
940 2091 1090 2174 fecimus,
1138 2094 1179 2157 de
1208 2116 1274 2182 quo
1306 2095 1365 2159 iam

319 2208 426 2296 paullo
469 2207 652 2273 adcuratius
695 2206 921 2295 inquirendum
964 2217 1023 2274 est.
1088 2232 1174 2297 quae
1220 2207 1364 2276 Catullus

320 2326 360 2391 de
389 2326 488 2391 fratre
519 2347 576 2390 suo
617 2325 742 2390 rettulit
779 2325 887 2389 omnia
928 2324 968 2390 ad
1005 2325 1073 2389 eius
1105 2336 1246 2391 mortem
1279 2349 1364 2413 spec

318 2451 388 2508 tant
430 2453 527 2530 atque
574 2452 689 2529 poetae
727 2441 761 2506 in
798 2441 932 2506 fratrem
974 2441 1117 2507 animum
1158 2442 1294 2529 pictatis
1334 2453 1363 2508 et

319 2558 435 2625 amoris
467 2558 688 2646 plenissimum
722 2556 853 2645 egregie
881 2566 1052 2625 testantur.
1096 2566 1209 2625 tamen
1237 2569 1364 2648 praeter

318 2675 396 2740 illud
417 2697 545 2740 carmen
568 2694 616 2756 cr,
640 2656 725 2764 quod
748 2675 844 2741 modo
866 2676 1210 2760 commemorauimus‚
1244 2678 1362 2744 nullum

316 2793 349 2856 in
382 2791 570 2858 Catullianis
607 2802 655 2856 est
689 2791 782 2857 fratri
821 2791 883 2879 ipsi
915 2792 1096 2860 dedicatum
1130 2816 1138 2857 ε
1171 2794 1230 2859 scd
1262 2794 1362 2861 tribus

316 2909 394 2974 locis
428 2908 605 2973 carminum
644 2909 685 2973 ad
716 2909 794 2974 elios
826 2911 996 2974 missorum
1027 2920 1059 2977 et
1091 2910 1171 2976 elias
1207 2911 1361 2999 quasdam

316 3049 367 3091 res
404 3028 608 3091 tractantium
643 3027 734 3113 quasi
774 3027 944 3092 occasione
977 3028 1123 3113 quaesita
1157 3038 1191 3093 ct
1228 3029 1360 3117 adr-epta

315 3144 418 3229 magis
456 3167 552 3231 quam
588 3144 698 3210 oblata
730 3143 861 3210 fratrem
895 3143 1029 3233 eiusque
1058 3154 1195 3210 mortem
1229 3146 1361 3211 inmatu-

315 3284 382 3326 ram
398 3260 539 3325 luctibus
562 3260 631 3324 siue
654 3261 945 3326 uehementissimis
967 3261 1041 3329 siue.
1051 3260 1235 3326 tenerrimis
1257 3283 1360 3349 prosa

315 3377 433 3466 quitur.
475 3378 508 3442 hi
528 3378 590 3442 loci
615 3387 690 3443 sunt
711 3377 888 3442 carminum
910 3399 979 3444 cxv
996 3379 1096 3442 1-15
1110 3395 1227 3443 vam*
1241 3378 1359 3445 19—26

314 3501 427 3560 vamb
441 3496 593 3560 91-100.
636 3493 725 3582 prius
748 3517 845 3582 quam
868 3495 907 3560 dc
930 3494 1065 3580 siugulis
1088 3493 1135 3558 his
1158 3495 1240 3560 locis
1256 3496 1357 3584 dispu-

312 3622 437 3693 tamus,
468 3634 572 3698 pauca
603 3611 642 3676 de
671 3611 820 3675 carminis
843 3630 874 3676 cr
895 3622 1042 3698 tempore
1063 3609 1108 3676 eis
1130 3611 1250 3677 addere
1271 3613 1357 3678 lubet

311 3751 394 3814 quae
416 3751 513 3815 supra
535 3729 753 3815 exposuimus.
799 3728 886 3815 quod
906 3750 1035 3792 carmen
1056 3728 1090 3791 in
1110 3728 1228 3792 itinere
1246 3728 1355 3816 Bithy·

310 3843 382 3909 nico
404 3845 557 3932 scriptum
581 3866 651 3909 esse
672 3843 786 3910 elucet.
830 3856 864 3909 at
883 3854 989 3909 utrum
1006 3867 1048 3909 ex
1063 3844 1158 3910 Italia
1180 3845 1295 3911 abiens
1316 3866 1353 3910 an

311 3982 349 4024 ex
369 3960 523 4048 Bithynia
555 3962 682 4026 rediens
710 3972 806 4047 poeta
833 3960 1033 4048 conposuit?
1075 3983 1172 4047 supra
1194 3963 1228 4025 in
1249 3961 1350 4027 reditu

310 4075 461 4162 scriptum
503 4099 572 4142 esse
610 4078 813 4164 sumpsimus.
873 4077 959 4165 quod
1001 4077 1118 4165 quibus
1154 4077 1348 4164 argumentis

308 4194 478 4258 fecerimus
499 4194 561 4259 iam
584 4193 752 4259 dicendum
775 4205 832 4260 est.
876 4195 928 4259 uel
948 4194 1071 4281 priores
1092 4217 1206 4260 uersus
