<?xml version="1.0" encoding="UTF-8"?>
<!DOCTYPE html PUBLIC "-//W3C//DTD XHTML 1.0 Transitional//EN"
    "http://www.w3.org/TR/xhtml1/DTD/xhtml1-transitional.dtd">
<html xmlns="http://www.w3.org/1999/xhtml" xml:lang="en" lang="en">
 <head>
  <title>
</title>
<meta http-equiv="Content-Type" content="text/html;charset=utf-8" />
  <meta name='ocr-system' content='tesseract 3.04.00' />
  <meta name='ocr-capabilities' content='ocr_page ocr_carea ocr_par ocr_line ocrx_word'/>
</head>
<body>
  <div class='ocr_page' id='page_1' title='image "./gvalericatvllil01catugoog_0149.png"; bbox 0 0 3342 5200; ppageno 0'>
   <div class='ocr_carea' id='block_1_1' title="bbox 495 669 1263 725">
    <p class='ocr_par' dir='ltr' id='par_1_1' title="bbox 495 669 1263 725">
     <span class='ocr_line' id='line_1_1' title="bbox 495 669 1263 725; baseline 0 -1"><span class='ocrx_word' id='word_1_1' title='bbox 495 669 532 724; x_wconf 78' lang='lat' dir='ltr'><strong>vl</strong></span> <span class='ocrx_word' id='word_1_2' title='bbox 567 671 615 724; x_wconf 74' lang='lat' dir='ltr'><strong>un</strong></span> <span class='ocrx_word' id='word_1_3' title='bbox 633 669 812 725; x_wconf 73' lang='lat' dir='ltr'><strong>suumve</strong></span> <span class='ocrx_word' id='word_1_4' title='bbox 829 669 983 724; x_wconf 68' lang='lat' dir='ltr'><strong>corum</strong></span> <span class='ocrx_word' id='word_1_5' title='bbox 1213 672 1263 724; x_wconf 71' lang='lat' dir='ltr'><strong>lod</strong></span> 
     </span>
    </p>
   </div>
   <div class='ocr_carea' id='block_1_2' title="bbox 217 837 1261 1162">
    <p class='ocr_par' dir='ltr' id='par_1_2' title="bbox 217 837 1261 1162">
     <span class='ocr_line' id='line_1_2' title="bbox 222 837 1261 926; baseline -0.003 -20"><span class='ocrx_word' id='word_1_6' title='bbox 222 861 309 906; x_wconf 87' lang='lat' dir='ltr'><strong>nuno</strong></span> <span class='ocrx_word' id='word_1_7' title='bbox 337 861 402 904; x_wconf 91' lang='lat' dir='ltr'><strong>non</strong></span> <span class='ocrx_word' id='word_1_8' title='bbox 435 839 526 920; x_wconf 81' lang='lat' dir='ltr'><strong>lieet,</strong></span> <span class='ocrx_word' id='word_1_9' title='bbox 558 847 666 904; x_wconf 86' lang='lat' dir='ltr'><strong>tomen</strong></span> <span class='ocrx_word' id='word_1_10' title='bbox 699 837 740 903; x_wconf 84' lang='lat' dir='ltr'><strong>sd</strong></span> <span class='ocrx_word' id='word_1_11' title='bbox 763 837 961 904; x_wconf 83' lang='lat' dir='ltr'><strong>Hotomanni</strong></span> <span class='ocrx_word' id='word_1_12' title='bbox 983 837 1166 926; x_wconf 81' lang='lat' dir='ltr'><strong>opinionem</strong></span> <span class='ocrx_word' id='word_1_13' title='bbox 1186 839 1261 904; x_wconf 88' lang='lat' dir='ltr'><strong>ilioo</strong></span> 
     </span>
     <span class='ocr_line' id='line_1_3' title="bbox 218 953 1261 1042; baseline -0.001 -19"><span class='ocrx_word' id='word_1_14' title='bbox 218 957 415 1024; x_wconf 81' lang='lat' dir='ltr'><strong>reiciendum</strong></span> <span class='ocrx_word' id='word_1_15' title='bbox 437 956 470 1022; x_wconf 93' lang='lat' dir='ltr'><strong>hi</strong></span> <span class='ocrx_word' id='word_1_16' title='bbox 491 956 553 1022; x_wconf 90' lang='lat' dir='ltr'><strong>looi</strong></span> <span class='ocrx_word' id='word_1_17' title='bbox 580 977 622 1022; x_wconf 83' lang='lat' dir='ltr'><strong>ex</strong></span> <span class='ocrx_word' id='word_1_18' title='bbox 650 955 779 1022; x_wconf 81' lang='lat' dir='ltr'><strong>Catullo</strong></span> <span class='ocrx_word' id='word_1_19' title='bbox 800 954 872 1042; x_wconf 90' lang='lat' dir='ltr'><strong>ipso</strong></span> <span class='ocrx_word' id='word_1_20' title='bbox 900 956 1061 1042; x_wconf 77' lang='lat' dir='ltr'><strong>desumpti</strong></span> <span class='ocrx_word' id='word_1_21' title='bbox 1090 953 1261 1022; x_wconf 83' lang='lat' dir='ltr'><strong>sufficient.</strong></span> 
     </span>
     <span class='ocr_line' id='line_1_4' title="bbox 217 1073 607 1162; baseline 0 -22"><span class='ocrx_word' id='word_1_22' title='bbox 217 1075 255 1140; x_wconf 73' lang='lat' dir='ltr'><strong>ot</strong></span> <span class='ocrx_word' id='word_1_23' title='bbox 284 1074 386 1162; x_wconf 85' lang='lat' dir='ltr'><strong>igitur</strong></span> <span class='ocrx_word' id='word_1_24' title='bbox 406 1097 542 1142; x_wconf 85' lang='lat' dir='ltr'><strong>xxxvuu</strong></span> <span class='ocrx_word' id='word_1_25' title='bbox 563 1073 607 1140; x_wconf 79' lang='lat'><strong>20</strong></span> 
     </span>
    </p>
   </div>
   <div class='ocr_carea' id='block_1_3' title="bbox 218 1215 1262 1678">
    <p class='ocr_par' dir='ltr' id='par_1_3' title="bbox 218 1215 1262 1678">
     <span class='ocr_line' id='line_1_5' title="bbox 366 1215 1055 1302; baseline -0.001 -21"><span class='ocrx_word' id='word_1_26' title='bbox 366 1228 399 1281; x_wconf 87' lang='lat' dir='ltr'><strong>ut</strong></span> <span class='ocrx_word' id='word_1_27' title='bbox 418 1239 474 1302; x_wconf 80' lang='lat' dir='ltr'><strong>quo</strong></span> <span class='ocrx_word' id='word_1_28' title='bbox 494 1216 553 1282; x_wconf 75' lang='lat' dir='ltr'><strong>iso</strong></span> <span class='ocrx_word' id='word_1_29' title='bbox 572 1229 702 1282; x_wconf 79' lang='lat' dir='ltr'><strong>uester</strong></span> <span class='ocrx_word' id='word_1_30' title='bbox 723 1215 888 1301; x_wconf 65' lang='lat' dir='ltr'><strong>sepelimur</strong></span> <span class='ocrx_word' id='word_1_31' title='bbox 908 1217 982 1282; x_wconf 84' lang='lat' dir='ltr'><strong>dens</strong></span> <span class='ocrx_word' id='word_1_32' title='bbox 1003 1226 1055 1293; x_wconf 75' lang='lat' dir='ltr'><strong>est,</strong></span> 
     </span>
     <span class='ocr_line' id='line_1_6' title="bbox 367 1331 1023 1420; baseline -0.002 -21"><span class='ocrx_word' id='word_1_33' title='bbox 367 1336 422 1399; x_wconf 81' lang='lat' dir='ltr'><strong>lroe</strong></span> <span class='ocrx_word' id='word_1_34' title='bbox 443 1344 480 1398; x_wconf 83' lang='lat' dir='ltr'><strong>te</strong></span> <span class='ocrx_word' id='word_1_35' title='bbox 501 1335 634 1420; x_wconf 77' lang='lat' dir='ltr'><strong>amplius</strong></span> <span class='ocrx_word' id='word_1_36' title='bbox 655 1332 766 1398; x_wconf 76' lang='lat' dir='ltr'><strong>didisse</strong></span> <span class='ocrx_word' id='word_1_37' title='bbox 782 1333 944 1418; x_wconf 78' lang='lat' dir='ltr'><strong>praedicet</strong></span> <span class='ocrx_word' id='word_1_38' title='bbox 962 1331 1023 1398; x_wconf 68' lang='lat' dir='ltr'><strong>tort</strong></span> 
     </span>
     <span class='ocr_line' id='line_1_7' title="bbox 218 1475 341 1542; baseline -0.008 0"><span class='ocrx_word' id='word_1_39' title='bbox 218 1496 296 1542; x_wconf 76' lang='lat' dir='ltr'><strong>Lxxr</strong></span> <span class='ocrx_word' id='word_1_40' title='bbox 319 1475 341 1541; x_wconf 88' lang='lat'><strong>3</strong></span> 
     </span>
     <span class='ocr_line' id='line_1_8' title="bbox 359 1592 1262 1678; baseline -0.003 -19"><span class='ocrx_word' id='word_1_41' title='bbox 359 1594 497 1658; x_wconf 59' lang='lat' dir='ltr'><strong>semmua</strong></span> <span class='ocrx_word' id='word_1_42' title='bbox 517 1593 576 1658; x_wconf 74' lang='lat' dir='ltr'><strong>isto</strong></span> <span class='ocrx_word' id='word_1_43' title='bbox 596 1603 702 1676; x_wconf 83' lang='lat' dir='ltr'><strong>tuus,</strong></span> <span class='ocrx_word' id='word_1_44' title='bbox 723 1592 783 1678; x_wconf 78' lang='lat' dir='ltr'><strong>qui</strong></span> <span class='ocrx_word' id='word_1_45' title='bbox 799 1602 973 1657; x_wconf 77' lang='lat' dir='ltr'><strong>uestrum</strong></span> <span class='ocrx_word' id='word_1_46' title='bbox 993 1603 1262 1656; x_wconf 64' lang='lat' dir='ltr'><strong>commemorem.</strong></span> 
     </span>
    </p>
   </div>
   <div class='ocr_carea' id='block_1_4' title="bbox 218 1733 1164 2032">
    <p class='ocr_par' dir='ltr' id='par_1_4' title="bbox 218 1733 1164 2032">
     <span class='ocr_line' id='line_1_9' title="bbox 218 1733 444 1800; baseline -0.004 -1"><span class='ocrx_word' id='word_1_47' title='bbox 218 1753 401 1800; x_wconf 77' lang='lat' dir='ltr'><strong>Lxxxxvrnr</strong></span> <span class='ocrx_word' id='word_1_48' title='bbox 423 1733 444 1798; x_wconf 80' lang='lat'>5</span> 
     </span>
     <span class='ocr_line' id='line_1_10' title="bbox 365 1848 1164 1936; baseline -0.001 -21"><span class='ocrx_word' id='word_1_49' title='bbox 365 1853 439 1915; x_wconf 83' lang='lat' dir='ltr'><strong>dum</strong></span> <span class='ocrx_word' id='word_1_50' title='bbox 458 1850 537 1915; x_wconf 75' lang='lat' dir='ltr'><strong>sios·</strong></span> <span class='ocrx_word' id='word_1_51' title='bbox 554 1873 600 1914; x_wconf 82' lang='lat' dir='ltr'><strong>me</strong></span> <span class='ocrx_word' id='word_1_52' title='bbox 617 1873 715 1936; x_wconf 76' lang='lat' dir='ltr'><strong>purqo</strong></span> <span class='ocrx_word' id='word_1_53' title='bbox 736 1873 790 1916; x_wconf 82' lang='lat' dir='ltr'><strong>neo</strong></span> <span class='ocrx_word' id='word_1_54' title='bbox 810 1873 936 1936; x_wconf 82' lang='lat' dir='ltr'><strong>possum</strong></span> <span class='ocrx_word' id='word_1_55' title='bbox 950 1849 1074 1934; x_wconf 77' lang='lat' dir='ltr'><strong>flets&#39;bus</strong></span> <span class='ocrx_word' id='word_1_56' title='bbox 1093 1848 1164 1914; x_wconf 78' lang='lat' dir='ltr'><strong>old&#39;s</strong></span> 
     </span>
     <span class='ocr_line' id='line_1_11' title="bbox 416 1965 1062 2032; baseline 0.003 -2"><span class='ocrx_word' id='word_1_57' title='bbox 416 1965 566 2032; x_wconf 72' lang='lat' dir='ltr'><strong>medillam</strong></span> <span class='ocrx_word' id='word_1_58' title='bbox 587 1979 748 2032; x_wconf 79' lang='lat' dir='ltr'><strong>uestrae</strong></span> <span class='ocrx_word' id='word_1_59' title='bbox 768 1966 889 2032; x_wconf 83' lang='lat' dir='ltr'><strong>demere</strong></span> <span class='ocrx_word' id='word_1_60' title='bbox 908 1968 1062 2032; x_wconf 55' lang='lat' dir='ltr'><strong>aarum.</strong></span> 
     </span>
    </p>
   </div>
   <div class='ocr_carea' id='block_1_5' title="bbox 215 2105 1263 2881">
    <p class='ocr_par' dir='ltr' id='par_1_5' title="bbox 215 2105 1263 2881">
     <span class='ocr_line' id='line_1_12' title="bbox 215 2105 1263 2198; baseline -0.003 -25"><span class='ocrx_word' id='word_1_61' title='bbox 215 2131 322 2198; x_wconf 88' lang='lat' dir='ltr'><strong>nequo</strong></span> <span class='ocrx_word' id='word_1_62' title='bbox 344 2119 454 2174; x_wconf 88' lang='lat' dir='ltr'><strong>tamen</strong></span> <span class='ocrx_word' id='word_1_63' title='bbox 474 2117 511 2174; x_wconf 88' lang='lat' dir='ltr'><strong>ut</strong></span> <span class='ocrx_word' id='word_1_64' title='bbox 530 2107 702 2175; x_wconf 81' lang='lat' dir='ltr'><strong>lectionem</strong></span> <span class='ocrx_word' id='word_1_65' title='bbox 723 2119 828 2174; x_wconf 81' lang='lat' dir='ltr'><strong>uostro</strong></span> <span class='ocrx_word' id='word_1_66' title='bbox 853 2118 1001 2175; x_wconf 82' lang='lat' dir='ltr'><strong>tueamur</strong></span> <span class='ocrx_word' id='word_1_67' title='bbox 1033 2107 1074 2173; x_wconf 88' lang='lat' dir='ltr'><strong>ad</strong></span> <span class='ocrx_word' id='word_1_68' title='bbox 1094 2105 1179 2172; x_wconf 85' lang='lat' dir='ltr'><strong>hano</strong></span> <span class='ocrx_word' id='word_1_69' title='bbox 1199 2127 1263 2171; x_wconf 86' lang='lat' dir='ltr'><strong>ser-</strong></span> 
     </span>
     <span class='ocr_line' id='line_1_13' title="bbox 215 2223 1261 2314; baseline -0.001 -24"><span class='ocrx_word' id='word_1_70' title='bbox 215 2226 320 2290; x_wconf 82' lang='lat' dir='ltr'>monis</span> <span class='ocrx_word' id='word_1_71' title='bbox 362 2223 472 2292; x_wconf 85' lang='lat' dir='ltr'><strong>Latini</strong></span> <span class='ocrx_word' id='word_1_72' title='bbox 505 2225 734 2314; x_wconf 78' lang='lat' dir='ltr'><strong>proprietatem</strong></span> <span class='ocrx_word' id='word_1_73' title='bbox 775 2226 1025 2314; x_wconf 77' lang='lat' dir='ltr'><strong>confugiendum</strong></span> <span class='ocrx_word' id='word_1_74' title='bbox 1066 2223 1160 2289; x_wconf 81' lang='lat' dir='ltr'><strong>nobie</strong></span> <span class='ocrx_word' id='word_1_75' title='bbox 1203 2233 1261 2290; x_wconf 86' lang='lat' dir='ltr'><strong>est.</strong></span> 
     </span>
     <span class='ocr_line' id='line_1_14' title="bbox 215 2341 1263 2431; baseline -0.003 -23"><span class='ocrx_word' id='word_1_76' title='bbox 215 2342 368 2408; x_wconf 82' lang='lat' dir='ltr'><strong>Klotzius</strong></span> <span class='ocrx_word' id='word_1_77' title='bbox 383 2343 468 2407; x_wconf 86' lang='lat' dir='ltr'><strong>enim</strong></span> <span class='ocrx_word' id='word_1_78' title='bbox 484 2353 560 2430; x_wconf 88' lang='lat' dir='ltr'><strong>apte</strong></span> <span class='ocrx_word' id='word_1_79' title='bbox 575 2342 744 2408; x_wconf 80' lang='lat' dir='ltr'><strong>adnotauit</strong></span> <span class='ocrx_word' id='word_1_80' title='bbox 758 2353 899 2431; x_wconf 87' lang='lat' dir='ltr'><strong>poetam,</strong></span> <span class='ocrx_word' id='word_1_81' title='bbox 914 2343 990 2408; x_wconf 91' lang='lat' dir='ltr'><strong>dum</strong></span> <span class='ocrx_word' id='word_1_82' title='bbox 1005 2354 1139 2407; x_wconf 73' lang='lat' dir='ltr'><strong>metram</strong></span> <span class='ocrx_word' id='word_1_83' title='bbox 1151 2341 1263 2407; x_wconf 73' lang='lat' dir='ltr'><strong>eddom</strong></span> 
     </span>
     <span class='ocr_line' id='line_1_15' title="bbox 215 2457 1262 2546; baseline -0.002 -22"><span class='ocrx_word' id='word_1_84' title='bbox 215 2461 378 2542; x_wconf 87' lang='lat' dir='ltr'><strong>nominet,</strong></span> <span class='ocrx_word' id='word_1_85' title='bbox 408 2459 503 2526; x_wconf 86' lang='lat' dir='ltr'><strong>etiam</strong></span> <span class='ocrx_word' id='word_1_86' title='bbox 532 2459 622 2525; x_wconf 86' lang='lat' dir='ltr'><strong>Furii</strong></span> <span class='ocrx_word' id='word_1_87' title='bbox 650 2469 775 2546; x_wconf 85' lang='lat' dir='ltr'><strong>patrem</strong></span> <span class='ocrx_word' id='word_1_88' title='bbox 806 2469 839 2525; x_wconf 87' lang='lat' dir='ltr'><strong>et</strong></span> <span class='ocrx_word' id='word_1_89' title='bbox 859 2469 962 2526; x_wconf 84' lang='lat' dir='ltr'><strong>totam</strong></span> <span class='ocrx_word' id='word_1_90' title='bbox 991 2458 1147 2524; x_wconf 78' lang='lat' dir='ltr'><strong>familiam</strong></span> <span class='ocrx_word' id='word_1_91' title='bbox 1167 2457 1262 2522; x_wconf 89' lang='lat' dir='ltr'><strong>simul</strong></span> 
     </span>
     <span class='ocr_line' id='line_1_16' title="bbox 217 2576 1263 2668; baseline -0.002 -25"><span class='ocrx_word' id='word_1_92' title='bbox 217 2577 404 2667; x_wconf 84' lang='lat' dir='ltr'><strong>significare</strong></span> <span class='ocrx_word' id='word_1_93' title='bbox 425 2577 574 2645; x_wconf 89' lang='lat' dir='ltr'><strong>uoluisse.</strong></span> <span class='ocrx_word' id='word_1_94' title='bbox 618 2601 701 2668; x_wconf 84' lang='lat' dir='ltr'><strong>quoe</strong></span> <span class='ocrx_word' id='word_1_95' title='bbox 728 2577 888 2645; x_wconf 86' lang='lat' dir='ltr'><strong>sententia</strong></span> <span class='ocrx_word' id='word_1_96' title='bbox 915 2601 954 2644; x_wconf 93' lang='lat' dir='ltr'><strong>eo</strong></span> <span class='ocrx_word' id='word_1_97' title='bbox 983 2576 1078 2644; x_wconf 84' lang='lat' dir='ltr'><strong>ualde</strong></span> <span class='ocrx_word' id='word_1_98' title='bbox 1103 2597 1263 2643; x_wconf 86' lang='lat' dir='ltr'><strong>sommen-</strong></span> 
     </span>
     <span class='ocr_line' id='line_1_17' title="bbox 217 2693 1263 2785; baseline -0.004 -24"><span class='ocrx_word' id='word_1_99' title='bbox 217 2697 310 2763; x_wconf 86' lang='lat' dir='ltr'><strong>datur</strong></span> <span class='ocrx_word' id='word_1_100' title='bbox 338 2696 426 2785; x_wconf 89' lang='lat' dir='ltr'><strong>quod</strong></span> <span class='ocrx_word' id='word_1_101' title='bbox 455 2706 552 2785; x_wconf 83' lang='lat' dir='ltr'><strong>poeta</strong></span> <span class='ocrx_word' id='word_1_102' title='bbox 580 2699 683 2785; x_wconf 83' lang='lat' dir='ltr'><strong>ipsam</strong></span> <span class='ocrx_word' id='word_1_103' title='bbox 711 2696 799 2761; x_wconf 84' lang='lat' dir='ltr'><strong>illam</strong></span> <span class='ocrx_word' id='word_1_104' title='bbox 830 2696 984 2761; x_wconf 79' lang='lat' dir='ltr'><strong>familiam</strong></span> <span class='ocrx_word' id='word_1_105' title='bbox 1013 2718 1144 2785; x_wconf 91' lang='lat' dir='ltr'><strong>quoqne</strong></span> <span class='ocrx_word' id='word_1_106' title='bbox 1173 2693 1263 2761; x_wconf 82' lang='lat' dir='ltr'><strong>Furii</strong></span> 
     </span>
     <span class='ocr_line' id='line_1_18' title="bbox 218 2813 640 2881; baseline 0.002 -3"><span class='ocrx_word' id='word_1_107' title='bbox 218 2814 360 2879; x_wconf 82' lang='lat' dir='ltr'><strong>carmine</strong></span> <span class='ocrx_word' id='word_1_108' title='bbox 381 2818 461 2878; x_wconf 83' lang='lat' dir='ltr'><strong>xxirr</strong></span> <span class='ocrx_word' id='word_1_109' title='bbox 484 2813 610 2881; x_wconf 85' lang='lat' dir='ltr'><strong>deridet</strong></span> <span class='ocrx_word' id='word_1_110' title='bbox 631 2840 640 2879; x_wconf 74' lang='grc' dir='ltr'><strong><em>ι</em></strong></span> 
     </span>
    </p>
   </div>
   <div class='ocr_carea' id='block_1_6' title="bbox 220 2954 1261 3780">
    <p class='ocr_par' dir='ltr' id='par_1_6' title="bbox 220 2954 1261 3780">
     <span class='ocr_line' id='line_1_19' title="bbox 366 2954 1155 3043; baseline -0.001 -24"><span class='ocrx_word' id='word_1_111' title='bbox 366 2954 473 3039; x_wconf 68' lang='lat' dir='ltr'><strong>Floret,</strong></span> <span class='ocrx_word' id='word_1_112' title='bbox 494 2957 548 3021; x_wconf 76' lang='lat' dir='ltr'><strong>eus·</strong></span> <span class='ocrx_word' id='word_1_113' title='bbox 563 2980 658 3043; x_wconf 79' lang='lat' dir='ltr'><strong>aeque</strong></span> <span class='ocrx_word' id='word_1_114' title='bbox 679 2979 787 3021; x_wconf 72' lang='lat' dir='ltr'><strong>smus</strong></span> <span class='ocrx_word' id='word_1_115' title='bbox 807 2969 850 3021; x_wconf 78' lang='lat' dir='ltr'><strong>est</strong></span> <span class='ocrx_word' id='word_1_116' title='bbox 869 2978 968 3042; x_wconf 80' lang='lat' dir='ltr'><strong>usquo</strong></span> <span class='ocrx_word' id='word_1_117' title='bbox 987 2978 1066 3019; x_wconf 84' lang='lat' dir='ltr'><strong>orco</strong></span> <span class='ocrx_word' id='word_1_118' title='bbox 1087 3003 1096 3019; x_wconf 89' lang='lat'><strong>.</strong></span> <span class='ocrx_word' id='word_1_119' title='bbox 1118 3002 1125 3018; x_wconf 94' lang='lat'><em>.</em></span> <span class='ocrx_word' id='word_1_120' title='bbox 1146 3001 1155 3018; x_wconf 87' lang='lat'><strong>.</strong></span> 
     </span>
     <span class='ocr_line' id='line_1_20' title="bbox 367 3084 1051 3159; baseline 0 -24"><span class='ocrx_word' id='word_1_121' title='bbox 367 3094 472 3136; x_wconf 77' lang='lat' dir='ltr'><strong>nomm</strong></span> <span class='ocrx_word' id='word_1_122' title='bbox 493 3085 538 3137; x_wconf 83' lang='lat' dir='ltr'><strong>est</strong></span> <span class='ocrx_word' id='word_1_123' title='bbox 558 3084 586 3138; x_wconf 72' lang='lat' dir='ltr'><strong>ed</strong></span> <span class='ocrx_word' id='word_1_124' title='bbox 604 3084 693 3159; x_wconf 76' lang='lat' dir='ltr'><strong>pater</strong></span> <span class='ocrx_word' id='word_1_125' title='bbox 713 3086 740 3137; x_wconf 81' lang='lat' dir='ltr'><strong>et</strong></span> <span class='ocrx_word' id='word_1_126' title='bbox 759 3096 901 3154; x_wconf 74' lang='lat' dir='ltr'><strong>nouerca,</strong></span> <span class='ocrx_word' id='word_1_127' title='bbox 921 3094 1051 3159; x_wconf 81' lang='lat' dir='ltr'><strong>quorum</strong></span> 
     </span>
     <span class='ocr_line' id='line_1_21' title="bbox 368 3189 991 3275; baseline 0.002 -23"><span class='ocrx_word' id='word_1_128' title='bbox 368 3190 470 3253; x_wconf 83' lang='lat' dir='ltr'><strong>dentes</strong></span> <span class='ocrx_word' id='word_1_129' title='bbox 488 3189 542 3254; x_wconf 82' lang='lat' dir='ltr'><strong>uel</strong></span> <span class='ocrx_word' id='word_1_130' title='bbox 562 3190 680 3255; x_wconf 74' lang='lat' dir='ltr'><strong>salicem</strong></span> <span class='ocrx_word' id='word_1_131' title='bbox 701 3211 838 3256; x_wconf 80' lang='lat' dir='ltr'><strong>comesse</strong></span> <span class='ocrx_word' id='word_1_132' title='bbox 852 3200 991 3275; x_wconf 80' lang='lat' dir='ltr'><strong>possunt,</strong></span> 
     </span>
     <span class='ocr_line' id='line_1_22' title="bbox 369 3306 912 3392; baseline 0.006 -24"><span class='ocrx_word' id='word_1_133' title='bbox 369 3317 412 3369; x_wconf 82' lang='lat' dir='ltr'><strong>est</strong></span> <span class='ocrx_word' id='word_1_134' title='bbox 431 3307 538 3390; x_wconf 73' lang='lat' dir='ltr'><strong>pudore</strong></span> <span class='ocrx_word' id='word_1_135' title='bbox 558 3306 615 3371; x_wconf 68' lang='lat' dir='ltr'><strong>ati</strong></span> <span class='ocrx_word' id='word_1_136' title='bbox 632 3330 699 3371; x_wconf 81' lang='lat' dir='ltr'><strong>cum</strong></span> <span class='ocrx_word' id='word_1_137' title='bbox 720 3318 768 3372; x_wconf 78' lang='lat' dir='ltr'><strong>uro</strong></span> <span class='ocrx_word' id='word_1_138' title='bbox 785 3318 912 3392; x_wconf 77' lang='lat' dir='ltr'><strong>parente</strong></span> 
     </span>
     <span class='ocr_line' id='line_1_23' title="bbox 369 3423 914 3511; baseline 0.009 -26"><span class='ocrx_word' id='word_1_139' title='bbox 369 3433 397 3485; x_wconf 80' lang='lat' dir='ltr'><strong>ot</strong></span> <span class='ocrx_word' id='word_1_140' title='bbox 416 3444 483 3485; x_wconf 82' lang='lat' dir='ltr'><strong>rum</strong></span> <span class='ocrx_word' id='word_1_141' title='bbox 504 3427 629 3511; x_wconf 76' lang='lat' dir='ltr'><strong>omriupe</strong></span> <span class='ocrx_word' id='word_1_142' title='bbox 648 3424 750 3511; x_wconf 71' lang='lat' dir='ltr'><strong>liparea</strong></span> <span class='ocrx_word' id='word_1_143' title='bbox 767 3423 914 3508; x_wconf 66' lang='lat' dir='ltr'><strong>paream.</strong></span> 
     </span>
     <span class='ocr_line' id='line_1_24' title="bbox 220 3572 1261 3661; baseline 0.001 -24"><span class='ocrx_word' id='word_1_144' title='bbox 220 3572 311 3637; x_wconf 90' lang='lat' dir='ltr'><strong>simili</strong></span> <span class='ocrx_word' id='word_1_145' title='bbox 331 3572 459 3638; x_wconf 85' lang='lat' dir='ltr'><strong>ratione</strong></span> <span class='ocrx_word' id='word_1_146' title='bbox 480 3595 657 3659; x_wconf 88' lang='lat' dir='ltr'><strong>pronomen</strong></span> <span class='ocrx_word' id='word_1_147' title='bbox 678 3594 835 3661; x_wconf 85' lang='lat' dir='ltr'><strong>personae</strong></span> <span class='ocrx_word' id='word_1_148' title='bbox 857 3575 1018 3641; x_wconf 84' lang='lat' dir='ltr'><strong>secundae</strong></span> <span class='ocrx_word' id='word_1_149' title='bbox 1036 3574 1168 3661; x_wconf 85' lang='lat' dir='ltr'><strong>pluralis</strong></span> <span class='ocrx_word' id='word_1_150' title='bbox 1190 3596 1261 3661; x_wconf 74' lang='lat' dir='ltr'><strong>pos</strong></span> 
     </span>
     <span class='ocr_line' id='line_1_25' title="bbox 221 3690 1176 3780; baseline 0.002 -24"><span class='ocrx_word' id='word_1_151' title='bbox 221 3692 375 3759; x_wconf 88' lang='lat' dir='ltr'><strong>sessiuum</strong></span> <span class='ocrx_word' id='word_1_152' title='bbox 398 3690 545 3757; x_wconf 81' lang='lat' dir='ltr'><strong>Catullus</strong></span> <span class='ocrx_word' id='word_1_153' title='bbox 566 3714 625 3780; x_wconf 90' lang='lat' dir='ltr'><strong>pro</strong></span> <span class='ocrx_word' id='word_1_154' title='bbox 646 3692 803 3777; x_wconf 81' lang='lat' dir='ltr'><strong>singulari</strong></span> <span class='ocrx_word' id='word_1_155' title='bbox 824 3711 925 3757; x_wconf 79' lang='lat' dir='ltr'><strong>varu</strong></span> <span class='ocrx_word' id='word_1_156' title='bbox 949 3694 1005 3757; x_wconf 82' lang='lat'><strong>151</strong></span> <span class='ocrx_word' id='word_1_157' title='bbox 1029 3690 1176 3758; x_wconf 78' lang='lat' dir='ltr'><strong>adhibuit</strong></span> 
     </span>
    </p>
   </div>
   <div class='ocr_carea' id='block_1_7' title="bbox 346 3850 1264 4053">
    <p class='ocr_par' dir='ltr' id='par_1_7' title="bbox 346 3850 1264 4053">
     <span class='ocr_line' id='line_1_26' title="bbox 346 3850 1264 3939; baseline 0.002 -24"><span class='ocrx_word' id='word_1_158' title='bbox 346 3872 385 3916; x_wconf 81' lang='lat' dir='ltr'><strong>aa</strong></span> <span class='ocrx_word' id='word_1_159' title='bbox 405 3862 539 3917; x_wconf 67' lang='lat' dir='ltr'><strong>uernum</strong></span> <span class='ocrx_word' id='word_1_160' title='bbox 562 3852 608 3935; x_wconf 91' lang='lat' dir='ltr'><strong>(h.</strong></span> <span class='ocrx_word' id='word_1_161' title='bbox 631 3874 659 3917; x_wconf 89' lang='lat' dir='ltr'><strong>e.</strong></span> <span class='ocrx_word' id='word_1_162' title='bbox 682 3852 763 3917; x_wconf 75' lang='lat' dir='ltr'><strong>Altis·</strong></span> <span class='ocrx_word' id='word_1_163' title='bbox 780 3862 813 3917; x_wconf 85' lang='lat' dir='ltr'><strong>et</strong></span> <span class='ocrx_word' id='word_1_164' title='bbox 833 3851 1003 3935; x_wconf 73' lang='lat' dir='ltr'><strong>Aeliorum)</strong></span> <span class='ocrx_word' id='word_1_165' title='bbox 1024 3850 1134 3915; x_wconf 79' lang='lat' dir='ltr'><strong>scabro</strong></span> <span class='ocrx_word' id='word_1_166' title='bbox 1156 3863 1264 3939; x_wconf 73' lang='lat' dir='ltr'><strong>turpat</strong></span> 
     </span>
     <span class='ocr_line' id='line_1_27' title="bbox 845 3966 1119 4053; baseline 0.018 -23"><span class='ocrx_word' id='word_1_167' title='bbox 845 3966 984 4053; x_wconf 62' lang='lat' dir='ltr'><strong>rodtpine</strong></span> <span class='ocrx_word' id='word_1_168' title='bbox 1004 3992 1119 4045; x_wconf 76' lang='lat' dir='ltr'><strong>nomeu.</strong></span> 
     </span>
    </p>
   </div>
   <div class='ocr_carea' id='block_1_8' title="bbox 219 4116 1263 4325">
    <p class='ocr_par' dir='ltr' id='par_1_8' title="bbox 219 4116 1263 4325">
     <span class='ocr_line' id='line_1_28' title="bbox 219 4116 1263 4208; baseline -0.002 -23"><span class='ocrx_word' id='word_1_169' title='bbox 219 4142 313 4207; x_wconf 88' lang='lat' dir='ltr'><strong>quom</strong></span> <span class='ocrx_word' id='word_1_170' title='bbox 337 4120 377 4186; x_wconf 84' lang='lat' dir='ltr'><strong>ad</strong></span> <span class='ocrx_word' id='word_1_171' title='bbox 400 4121 505 4186; x_wconf 88' lang='lat' dir='ltr'><strong>loonm</strong></span> <span class='ocrx_word' id='word_1_172' title='bbox 526 4116 637 4185; x_wconf 81' lang='lat' dir='ltr'><strong>uideas</strong></span> <span class='ocrx_word' id='word_1_173' title='bbox 658 4140 741 4208; x_wconf 84' lang='lat' dir='ltr'><strong>quus</strong></span> <span class='ocrx_word' id='word_1_174' title='bbox 757 4118 893 4206; x_wconf 90' lang='lat' dir='ltr'><strong>Vulpius</strong></span> <span class='ocrx_word' id='word_1_175' title='bbox 914 4131 948 4184; x_wconf 82' lang='lat' dir='ltr'><strong>et</strong></span> <span class='ocrx_word' id='word_1_176' title='bbox 968 4119 1144 4187; x_wconf 84' lang='lat' dir='ltr'><strong>Santonins</strong></span> <span class='ocrx_word' id='word_1_177' title='bbox 1164 4120 1263 4185; x_wconf 86' lang='lat' dir='ltr'><strong>adno-</strong></span> 
     </span>
     <span class='ocr_line' id='line_1_29' title="bbox 219 4235 1260 4325; baseline -0.001 -22"><span class='ocrx_word' id='word_1_178' title='bbox 219 4246 380 4303; x_wconf 78' lang='lat' dir='ltr'><strong>tsusrnnt.</strong></span> <span class='ocrx_word' id='word_1_179' title='bbox 416 4235 515 4303; x_wconf 84' lang='lat' dir='ltr'><strong>etiam</strong></span> <span class='ocrx_word' id='word_1_180' title='bbox 530 4256 621 4303; x_wconf 78' lang='lat' dir='ltr'><strong>nxrur</strong></span> <span class='ocrx_word' id='word_1_181' title='bbox 637 4236 696 4303; x_wconf 81' lang='lat'><strong>158</strong></span> <span class='ocrx_word' id='word_1_182' title='bbox 712 4244 745 4301; x_wconf 88' lang='lat' dir='ltr'><strong>ot</strong></span> <span class='ocrx_word' id='word_1_183' title='bbox 759 4246 932 4325; x_wconf 86' lang='lat' dir='ltr'><strong>sequentes</strong></span> <span class='ocrx_word' id='word_1_184' title='bbox 947 4237 1086 4305; x_wconf 78' lang='lat' dir='ltr'><strong>conferri</strong></span> <span class='ocrx_word' id='word_1_185' title='bbox 1102 4246 1260 4325; x_wconf 86' lang='lat' dir='ltr'><strong>possunt:</strong></span> 
     </span>
    </p>
   </div>
   <div class='ocr_carea' id='block_1_9' title="bbox 0 0 1679 5200">
    <p class='ocr_par' dir='ltr' id='par_1_9' title="bbox 0 0 1679 5200">
     <span class='ocr_line' id='line_1_30' title="bbox 0 0 1679 5200; baseline 0 0"><span class='ocrx_word' id='word_1_186' title='bbox 0 0 1679 5200; x_wconf 95' lang='lat' dir='ltr'><strong> </strong></span> 
     </span>
    </p>
   </div>
  </div>
 </body>
</html>
