3342 5200
411 626 459 676 14⁰
693 623 728 676 Vl
762 623 810 676 Db}
826 621 1006 676 mortisve
1023 622 1176 675 corvum

408 797 567 877 spectant.
609 789 650 856 de
663 788 841 878 Ipsitbillae
855 789 987 880 quidem
1008 799 1041 857 et
1054 789 1225 856 Ametiuae
1245 790 1315 856 siue
1333 789 1453 877 quibus

408 907 593 974 nominibus
621 929 676 973 eas
701 908 867 974 nominare
896 907 989 974 malis
1014 929 1123 974 amore
1150 907 1208 972 uix
1233 907 1342 974 dicere
1367 906 1452 972 licet.

407 1033 500 1090 mant
530 1024 615 1090 enim
645 1025 868 1092 meretriculae
889 1024 978 1109 illae,
1009 1024 1052 1092 ad
1073 1046 1208 1113 quarum
1228 1022 1370 1110 priorem
1391 1022 1452 1090 Ga·

407 1141 504 1208 tullus
537 1139 669 1208 libidine
697 1163 836 1210 uenerea
864 1143 1013 1230 pruriens
1038 1140 1145 1207 nescio
1167 1163 1230 1230 quo
1252 1150 1399 1228 tempore
1420 1147 1454 1205 et

408 1259 479 1324 loco
516 1279 647 1326 carmen
676 1281 766 1324 xxxo
795 1259 915 1325 Amabo
946 1281 1014 1323 mec
1044 1257 1144 1325 dulcia
1175 1257 1335 1343 Ipss'tlnlla
1365 1256 1455 1322 misit

408 1374 489 1442 baec
509 1374 595 1442 baud
615 1374 753 1442 obscure
774 1373 816 1440 ab
838 1397 877 1440 ca
896 1375 1055 1462 petiturus

653 1534 734 1599 donzi
750 1556 879 1598 moneas
895 1555 1045 1619 porasque
1066 1533 1150 1598 cobis

611 1672 719 1715 nouam
739 1650 897 1716 commas
908 1649 1092 1735 futationaa.

407 1808 543 1874 alteram
562 1806 745 1873 Ametinum
772 1808 806 1873 in
831 1807 958 1874 duobus
984 1806 1179 1874 carminibus
1200 1805 1347 1874 Catullus
1367 1807 1453 1874 male

407 1933 527 1992 mactat
547 1947 650 1990 xxxxi
679 1924 827 2020 Anaetica
850 1924 954 2010 puella
980 1923 1123 2010 defututa
1150 1934 1182 1990 et
1208 1947 1334 1990 xxxxtn
1360 1922 1454 1989 Solae

406 2065 462 2108 aco
482 2044 608 2108 minimo
626 2042 732 2126 puella
763 2065 846 2106 naso.
889 2040 931 2105 de
959 2042 1080 2106 caussis
1108 2042 1275 2130 utriusque
1301 2038 1453 2106 carminis

408 2159 449 2225 de
473 2159 673 2248 temporibus
699 2167 731 2224 et
762 2156 834 2224 aliis
865 2156 963 2223 rebus
995 2179 1078 2246 quae
1106 2179 1179 2222 cum
1205 2156 1255 2222 his
1276 2156 1455 2222 cohaerent

406 2277 486 2342 hacc
514 2275 684 2341 statuenda
713 2283 797 2341 sunt
841 2297 913 2339 cum
935 2273 1081 2341 Catullus
1102 2275 1135 2338 in
1156 2273 1323 2362 prouincia
1344 2275 1453 2363 patria

406 2393 641 2482 Transpadana
667 2400 883 2458 commoratus
913 2391 966 2474 (ci
987 2415 1111 2457 xxxxm
1132 2392 1167 2475 6)
1196 2414 1216 2455 a
1243 2391 1453 2456 meretricula

407 2511 556 2601 quadam,
578 2531 716 2592 quacum
737 2509 905 2577 Mamurra
924 2508 1117 2575 Formianus
1138 2530 1349 2575 consuescere
1370 2510 1454 2574 sole·>

405 2630 470 2711 bat,
493 2628 698 2695 concubitum
719 2629 876 2717 petiisset,
897 2629 976 2694 haec
997 2650 1154 2715 magnum
1173 2627 1317 2715 pretium
1338 2626 1454 2693 decem

406 2746 527 2813 milium
546 2745 728 2812 sestertium
751 2745 909 2834 poposcit.
952 2745 1038 2834 quod
1061 2767 1134 2810 cum
1150 2743 1327 2834 inpendere
1342 2745 1453 2828 nollet,

406 2874 502 2952 pocta
522 2863 564 2931 de
584 2885 641 2951 spe
662 2885 720 2929 sus
740 2863 895 2951 deceptus
918 2863 952 2927 in
972 2862 1211 2929 meretriculam
1233 2861 1376 2927 carmina
1396 2862 1455 2928 illa

406 2982 469 3046 duo
498 2979 639 3069 scripsit,
669 3002 805 3068 quorum
832 2981 867 3046 in
893 2981 994 3046 altero
1025 2980 1227 3047 meretricem
1255 2972 1456 3047 ‘defututam'

406 3097 605 3181 adfirmauit,
637 3120 709 3163 cum
730 3106 821 3165 tanto
843 3096 946 3187 pretio
968 3121 1004 3165 so
1024 3121 1142 3187 corpus
1163 3098 1330 3164 inliberale
1350 3098 1455 3187 publi·

407 3237 481 3279 care
512 3236 609 3303 posse
641 3213 841 3301 opinaretur,
875 3212 1055 3282 dementem
1084 3224 1181 3301 atquc
1208 3216 1355 3281 insanam
1382 3238 1455 3283 esse

404 3330 595 3397 habendam.
636 3329 670 3395 in
699 3330 799 3396 altero
831 3340 942 3396 autom
973 3331 1115 3396 carmine
1137 3332 1204 3397 irae
1225 3332 1398 3419 indulgens
1420 3344 1456 3399 et

406 3448 567 3535 repulsam
588 3448 713 3514 ulturus
729 3446 877 3514 Catullus
895 3447 1045 3536 puellam,
1068 3448 1158 3513 cuius
1178 3449 1362 3537 pulcritudo
1384 3448 1456 3516 sine

408 3564 505 3630 dubio
535 3564 698 3655 inpulerat
728 3574 764 3631 ut
797 3587 870 3630 cum
900 3587 939 3630 ca
967 3566 1179 3632 concumbere
1208 3566 1325 3650 uellet,
1364 3569 1455 3633 omni

407 3681 583 3749 uenustatis
604 3681 702 3749 laude
723 3682 852 3771 priuare
873 3682 990 3748 studet.

454 3870 456 3877 ι
573 3832 680 3916 solea,
701 3858 757 3900 nec
778 3835 897 3901 mirsa‘mo
911 3837 1020 3921 puella
1039 3858 1118 3900 aoso
1140 3835 1197 3919 (cf.
1218 3859 1322 3903 xxxxi
1342 3837 1378 3921 3)

571 3974 625 4016 nac
646 3950 718 4017 bollo
736 3955 811 4038 pede
831 3976 886 4017 nec
907 3954 1015 4041 sciprio
1035 3953 1142 4019 ocellis

570 4090 626 4132 neo
644 4070 745 4155 lonqie
767 4067 879 4154 dapalis
898 4092 955 4135 aec
974 4093 1028 4135 ore
1049 4071 1135 4136 sicco

571 4185 842 4252 macerrimis
864 4188 996 4277 chyam
1016 4187 1126 4274 litaque
