3342 5200
392 629 395 635 ¹
476 666 554 720 xuu
588 665 832 721 orrosrvms
850 665 1063 720 crocinum
1244 647 1337 720 aa·

450 832 593 906 Mianter
613 834 711 899 netuli
726 857 806 918 parer
826 832 967 912 Falerni,

448 956 536 1039 inper
556 956 598 1016 mi
615 951 730 1016 calices
751 956 929 1035 amariores,

449 1081 482 1132 nt
502 1070 550 1134 les·
571 1065 748 1134 Postumiae
767 1071 845 1134 iubet
864 1070 1035 1155 mapistroe

449 1185 570 1250 ebrrbse
590 1186 684 1250 acina
705 1187 887 1250 mriorrbris.

449 1313 483 1366 at
501 1325 556 1366 uos
576 1325 636 1389 qao
657 1303 736 1368 labet
755 1305 821 1368 dine
844 1302 934 1379 obite,
956 1301 1107 1387 lymphae,

450 1422 518 1484 nini
533 1421 699 1508 pernicies,
722 1432 749 1486 et
768 1423 814 1485 cd
831 1443 949 1486 amaros

449 1537 580 1622 miprote
599 1561 610 1603 .·
629 1537 682 1603 liic
702 1561 802 1603 merua
823 1551 869 1604 est
893 1537 1105 1624 ibyoniaaas.

251 1728 349 1806 poeta
375 1719 477 1807 igitur
502 1722 688 1808 pincernam
714 1723 903 1790 adhortatur
921 1734 957 1789 ut
977 1723 1045 1810 legi
1066 1746 1162 1812 quam
1184 1722 1298 1789 Postu·

250 1837 325 1918 mia,
345 1837 461 1903 mulier
476 1839 609 1920 ebriosa,
631 1839 762 1906 bibendi
780 1841 1000 1928 magisterium
1021 1841 1135 1906 sortita
1157 1863 1297 1929 pronun·

250 1953 332 2020 tiare
347 1955 470 2020 solebat
484 1955 659 2022 oboediens
673 1957 784 2022 uinum
798 1959 955 2022 meracius
977 1957 1053 2042 (hoc
1075 1958 1160 2022 enim
1182 1959 1298 2023 calices

251 2077 421 2138 emanares
450 2071 644 2160 significant)
674 2074 736 2140 sibi
761 2075 920 2140 infundat.
963 2075 1036 2162 quis
1056 2075 1110 2140 illa
1131 2073 1298 2142 Postumia

251 2189 351 2255 luerit
380 2189 537 2256 incertum
566 2201 630 2267 est,
660 2191 723 2255 nisi
743 2191 827 2258 forte
849 2190 1018 2279 probabile
1039 2212 1110 2256 esse
1131 2190 1259 2257 uidetur
1279 2215 1300 2256 a

252 2305 383 2384 Catullo
411 2305 473 2372 hoc
499 2329 596 2373 uersu
618 2307 805 2375 Postumiae
828 2306 934 2375 Seruii
961 2307 1095 2395 Sulpicii
1122 2307 1199 2373 Rufi
1226 2330 1299 2373 con·

253 2423 330 2489 sulis
361 2423 438 2489 anni
469 2423 584 2502 703151
614 2427 725 2491 uxoris
752 2425 968 2491 indecentiam
996 2426 1189 2512 castigatam
1218 2448 1298 2493 esse.

253 2562 351 2630 quam
378 2542 545 2609 mulierem
573 2541 632 2609 etsi
662 2566 729 2609 non
757 2543 911 2611 adcurate
940 2543 1115 2611 memoriae
1145 2543 1300 2611 traditum

91 2640 94 2645 ¹
164 2690 166 2695 ’
253 2670 303 2726 est
324 2659 510 2727 ebriositate
530 2661 682 2727 infamem
708 2660 822 2746 fuisse,
849 2670 976 2741 tamen,
1003 2685 1079 2728 cum
1106 2662 1299 2729 adulterium

254 2798 327 2843 cum
348 2775 487 2845 Caesare
508 2778 622 2845 feccrit
642 2778 793 2867 idemque
813 2779 975 2868 flagitium
995 2802 1069 2845 oum
1088 2778 1131 2846 G.
1145 2778 1299 2847 Pontinio

254 2904 402 2982 praetore
431 2918 516 2963 anuo
546 2896 665 2975 691163
699 2895 897 2963 commisisse
928 2897 1078 2963 uideatur
1107 2896 1163 2983 (cl
1186 2896 1298 2965 Orellii

254 3021 414 3079 onomast.
433 3013 518 3079 Tull.
532 3037 565 3102 p.
578 3012 666 3098 493),
687 3012 768 3080 adeo
790 3036 810 3079 a
831 3021 998 3080 matronae
1018 3012 1179 3101 dignitate
1199 3011 1300 3078 desci-

254 3128 341 3195 uisse
360 3130 506 3196 uidemus
532 3139 569 3196 ut
595 3151 667 3235 eam
687 3152 760 3196 curn
781 3128 860 3195 uiris
882 3130 991 3197 alienis
1013 3129 1163 3197 conuiuia
1182 3132 1298 3218 egisse,

256 3246 343 3335 quod
359 3245 507 3313 Clodiam
527 3246 641 3313 fecisse
655 3246 772 3313 Cicero
793 3256 943 3333 testatur,
963 3258 997 3315 et
1010 3271 1085 3315 cum
1099 3247 1145 3313 eis
1158 3247 1298 3315 bibendo

255 3374 394 3430 certasse
426 3374 459 3430 et
489 3365 579 3452 leges
606 3364 739 3433 bibendi
766 3366 870 3454 ipsam
900 3365 1039 3432 edixisse
1065 3382 1132 3432 non
1158 3364 1204 3431 its
1230 3366 1300 3431 ueri

256 3481 408 3549 dissimile
434 3482 485 3548 sit.
537 3490 571 3547 at
591 3481 671 3546 haec
692 3482 800 3547 omnia
820 3492 854 3547 et
874 3504 980 3568 uagae
1000 3491 1076 3549 sunt
1096 3481 1300 3550 coniecturae

255 3620 362 3688 neque
382 3598 553 3688 quicquam
573 3598 613 3665 de
634 3608 779 3685 tempore
800 3620 865 3684 quo
886 3620 1016 3664 carmen
1035 3597 1183 3666 Catullus
1203 3598 1300 3686 scrip·

257 3716 336 3781 serit
353 3715 415 3782 dici
436 3724 552 3805 potest

339 3885 526 3973 Disputatio
539 3895 650 3952 nostra
664 3885 706 3951 ad
719 3908 849 3953 emman
868 3904 942 3953 cvm
965 3884 1012 3971 si,
1036 3884 1168 3970 Comani,
1187 3888 1305 3975 populi

257 4003 389 4069 arbitrri>
407 4016 461 4068 tac
482 4027 563 4069 cana
584 4015 722 4069 censeare
745 4002 805 4088 (ita
826 4005 911 4069 enim
931 4024 1044 4070 uersus
1057 4004 1180 4093 primus
1193 4004 1301 4093 legen·

258 4118 318 4185 dus
338 4121 403 4205 est)
429 4121 645 4209 progreditur.
688 4141 806 4187 nomen
833 4119 959 4189 Oomr'rn
982 4143 1024 4187 ex
1051 4122 1206 4189 librorum
1233 4144 1301 4188 cor·

258 4238 384 4326 ruptela
415 4239 468 4305 Sic
498 4240 618 4305 domiai
647 4247 734 4303 recte
765 4242 948 4305 restitutum
980 4261 1051 4305 esse
1082 4262 1175 4307 nemo
1205 4239 1301 4305 hodie
