3342 5200
329 661 380 714 333
615 658 695 711 XIIII
731 658 778 710 uu
796 656 954 710 cramus:
972 657 1102 710 xxxlm

329 848 468 914 possum.
510 824 605 891 sicuti
627 825 728 913 igitur
754 836 830 892 ante
852 824 1017 891 Catullum
1040 823 1152 890 Liuius
1174 826 1389 892 Andronicus

330 943 416 1027 (Liu.
437 941 511 1008 hist.
533 965 621 1008 xxvn
645 942 684 1007 37
705 942 792 1008 Fest.
813 965 844 1030 p.
866 942 942 1026 333)
973 952 1006 1007 et
1029 940 1066 1006 P.
1088 940 1234 1007 Licinius
1258 943 1388 1029 Tegula

329 1060 415 1144 (Liu.
439 1083 518 1125 xxxi
548 1059 601 1143 12)
630 1070 662 1126 et
691 1070 765 1148 post
794 1082 867 1125 eum
895 1058 1050 1126 Horatius
1078 1059 1223 1148 (praeter
1253 1083 1385 1126 carmen

330 1177 493 1242 saeculare
515 1178 557 1241 cf.
578 1199 678 1241 carm.
700 1200 743 1241 uu
764 1178 785 1242 6
808 1186 840 1241 et
862 1176 947 1259 121)
977 1176 1129 1243 mandatu
1161 1177 1296 1263 publico
1319 1200 1385 1242 car-

328 1294 417 1359 mina
431 1302 678 1381 conposuerunt,
694 1293 741 1359 ita
755 1290 901 1359 Catullus
918 1315 1049 1381 quoque
1063 1292 1147 1357 fecit.
1181 1291 1237 1358 sed
1249 1294 1382 1379 quando

329 1432 458 1478 carmen
475 1411 589 1477 feeerit
600 1421 697 1498 poeta
714 1432 847 1497 prorsus
862 1410 1019 1475 incertum
1034 1420 1095 1494 est,
1113 1409 1140 1475 si
1156 1432 1276 1475 annum
1292 1432 1381 1497 spec·

329 1538 445 1595 tsmm.
488 1549 593 1616 neque
617 1527 770 1592 adcurate
795 1549 993 1614 cognoscere
1014 1526 1089 1592 licet
1111 1526 1228 1615 quibus
1249 1527 1380 1593 Dianae

330 1645 429 1710 sacris
460 1643 493 1708 id
523 1643 676 1731 scriptum
707 1643 758 1709 sit.
814 1642 981 1709 Mamilius
1014 1643 1063 1728 (in
1094 1644 1251 1710 asterism.
1284 1668 1316 1732 p.
1347 1644 1379 1723 8)

328 1763 455 1848 putauit
482 1783 611 1828 carmen
638 1760 794 1826 indictum
823 1782 895 1826 esse
918 1762 1028 1849 pueris
1049 1761 1194 1847 patrimis
1215 1770 1249 1826 et
1269 1763 1380 1828 matri·

328 1879 407 1960 mis,
439 1900 511 1943 cum
540 1877 614 1944 libri
645 1875 797 1966 Sibyllini
826 1877 1003 1944 adirentur.
1056 1877 1112 1944 sed
1138 1877 1217 1943 nihil
1240 1889 1290 1943 est
1314 1900 1378 1966 quo

328 1995 408 2061 haec
428 1995 589 2061 sententia
610 1995 777 2082 probetur.
821 1993 990 2060 Bentleius
1011 1994 1052 2059 ad
1074 1994 1245 2060 Horatium
1267 2019 1299 2082 p.
1323 2018 1380 2061 xm

328 2111 434 2179 idibus
455 2112 644 2195 Sextilibus,
666 2134 750 2198 quae
771 2111 899 2178 Dianae
921 2133 1030 2176 sacrae
1052 2121 1144 2177 erant
1166 2112 1222 2197 (cf.
1240 2111 1379 2177 Prelleri

327 2229 461 2318 mythol.
483 2228 579 2295 Rom.
597 2251 629 2316 p.
642 2228 714 2293 283.
736 2229 824 2312 284),
846 2226 880 2293 id
901 2238 1032 2294 cantum
1053 2250 1123 2294 esse
1145 2227 1292 2295 coniecit.
1338 2230 1379 2295 de

327 2355 474 2433 tempore
487 2345 639 2411 carminis
661 2346 694 2411 in
708 2346 894 2412 uniuersum
915 2346 1064 2412 adnotari
1084 2355 1193 2434 potest
1212 2346 1283 2412 ueri
1307 2369 1378 2412 csse

328 2462 478 2529 dissimile
500 2462 629 2530 Catullo
640 2512 650 2547 ‚
682 2465 771 2551 prius
803 2486 900 2551 quam
927 2465 1046 2529 famam
1068 2462 1207 2550 aliquam
1229 2462 1379 2529 carmini·

327 2580 388 2646 bus
409 2579 475 2645 suis
496 2579 633 2668 adeptus
655 2590 757 2663 esset,
785 2603 901 2647 munus
930 2579 1081 2647 carminis
1102 2578 1294 2647 conficiendi
1323 2605 1378 2669 pu-

327 2696 410 2763 blice
422 2696 608 2763 mandatum
626 2719 707 2763 esse.
744 2720 808 2785 quo
825 2707 1018 2786 argumento
1034 2697 1161 2764 confisis
1182 2699 1274 2764 nobis
1297 2698 1379 2764 illud

329 2815 562 2900 posterioribus
584 2812 704 2882 Catulli
725 2815 818 2882 annis
839 2815 1011 2902 adsignare
1031 2814 1151 2880 licebit.

408 2928 501 2995 Haec
522 2932 592 2997 fere
613 2930 782 2998 habuimus
804 2952 887 3020 quae
909 2931 949 2997 de
967 2930 1035 2996 uita
1049 2928 1168 2997 Catulli
1189 2931 1284 2995 etde
1306 2952 1380 3018 per·

326 3046 414 3111 sonis
438 3045 628 3112 Catullianis
649 3059 682 3114 st
704 3047 744 3115 de
764 3048 962 3135 temporibus
988 3047 1164 3113 carminum
1179 3046 1381 3113 Catulliano

326 3184 397 3227 rum
419 3161 609 3229 diceremus.
