3342 5200
478 638 504 689 V
537 638 585 689 Du
602 636 779 691 auomsvs
797 636 955 691 aarum
1206 640 1240 691 99

195 798 319 890 ‘ponuat
331 804 575 869 contumelientur
580 802 693 889 facere
707 798 780 886 cet',
801 802 847 869 ita
867 813 904 870 ut
917 826 977 891 pro
992 825 1058 869 uno
1073 805 1145 871 loco
1160 805 1244 871 duos

197 940 237 983 ex
258 918 396 984 diuersis
426 918 625 985 orationibus
654 928 826 1007 excerptos
857 918 1051 986 Rufinianus
1078 922 1242 989 adtulerit.

195 1036 377 1101 emendatio
398 1034 481 1101 baec
502 1057 567 1101 non
589 1035 690 1100 solum
711 1058 732 1099 a
752 1034 861 1101 uerbis
890 1035 968 1123 ipsis
999 1037 1132 1125 egregio
1160 1060 1244 1103 com·

195 1153 373 1233 mandatur,
394 1174 469 1217 nam
492 1152 685 1219 Rufinianus
706 1153 846 1219 alterum
867 1152 960 1218 alteri
982 1153 1167 1241 exemplum
1188 1154 1244 1218 ad-

194 1269 272 1335 dens
288 1270 418 1356 saepius
432 1268 500 1333 lere
522 1267 636 1333 eadem
650 1268 844 1335 adnectendi
860 1270 998 1334 formula
1019 1269 1122 1335 utitur
1138 1271 1195 1353 (cf.
1210 1271 1243 1335 in

192 1388 313 1473 pagina
342 1386 456 1451 eadem
478 1384 731 1473 Oapperounerii
752 1385 796 1452 30
815 1379 853 1450 ‘et
872 1376 964 1451 ulrbs’
984 1381 1022 1451 ‘et
1041 1380 1125 1451 olidi'
1145 1387 1243 1451 immo

191 1497 253 1567 ‘aut
273 1496 361 1567 alius'
381 1524 412 1589 p.
432 1502 501 1585 32),
524 1504 579 1569 sed
600 1502 698 1569 etiam
720 1527 739 1569 a
760 1503 888 1569 ratione
908 1504 1030 1590 optime
1051 1502 1244 1571 defenditur.

190 1642 266 1685 nam
289 1620 350 1685 etsi
372 1640 487 1687 sensus
508 1621 683 1708 fragmenti
705 1642 747 1685 ex
767 1618 981 1686 Fundaniana
992 1620 1155 1708 desumpti
1173 1623 1243 1687 obs-

191 1735 300 1801 curior
322 1746 387 1817 est,
419 1747 529 1803 tamen
561 1736 695 1824 adparet
723 1735 756 1800 id
778 1758 852 1801 oum
873 1736 983 1801 uerbis
1003 1739 1241 1823 quasi-dirersis

190 1852 277 1919 nullo
308 1852 407 1918 modo
440 1851 593 1938 coniungi
624 1874 730 1939 posse.
782 1850 840 1917 sed
868 1874 909 1917 ne
938 1852 978 1917 de
1008 1874 1044 1917 re
1072 1853 1242 1920 manifesta

189 1969 284 2035 nimis
307 1970 363 2035 diu
384 1991 601 2056 exponamus,
623 1968 687 2035 iam
708 1969 801 2035 nobis
823 1968 993 2035 dicendum
1016 1979 1065 2035 est
1086 1990 1150 2056 quo
1171 1971 1242 2037 iure

189 2086 292 2152 uerba
305 2085 362 2150 illa
376 2080 470 2173 q‘uasr'
480 2088 517 2151 do
523 2084 619 2171 socie
633 2096 697 2163 tao,
713 2086 869 2168 catamito,
893 2084 1024 2150 Macrim
1040 2085 1242 2152 altercationi

188 2204 233 2269 illi
246 2206 281 2269 in
298 2201 451 2269 Clodium
465 2203 676 2269 uindicemus.
719 2201 860 2290 primurn
881 2203 908 2267 si
929 2202 1241 2269 commendationem

189 2319 356 2407 quandam
380 2330 547 2387 externam
562 2342 657 2407 quam
680 2330 799 2385 uocant
821 2320 1017 2407 quaerimus,
1038 2318 1091 2384 uel
1112 2340 1150 2384 so
1171 2341 1240 2385 sen-

188 2438 290 2501 tentia
304 2446 417 2502 nostra
432 2438 572 2525 quodam
589 2437 686 2501 modo
701 2435 877 2523 probabilis
891 2434 929 2502 fit
942 2438 1027 2524 quod
1054 2438 1239 2524 exemplum

188 2551 439 2620 Ciceronianam
468 2553 616 2640 proxime
647 2552 844 2640 praecedens
870 2564 901 2617 ta
926 2575 1000 2618 aero
1024 2552 1177 2641 fasanus,
1208 2564 1239 2618 ru

188 2671 330 2756 eleyaus,
361 2683 392 2734 tu
415 2673 498 2736 solus
518 2671 675 2751 urbanas,
700 2693 785 2756 quem
813 2670 899 2735 derat
926 2671 1085 2736 muliebris
1111 2684 1238 2735 aucas

188 2786 383 2853 Rufinianus
404 2809 446 2852 ex
475 2787 586 2852 eadem
614 2787 646 2853 in
669 2785 819 2853 Clodium
841 2796 875 2852 et
896 2783 1069 2852 Curionem
1092 2787 1238 2854 oratione

187 2903 397 2992 deprompsit,
420 2903 517 2992 quod,
532 2914 568 2968 ut
583 2925 624 2970 ox
638 2902 921 2991 palimpsestorum
935 2902 1079 2990 reliquiis
1092 2903 1237 2990 intellegi

186 3021 282 3103 lieet,
319 3019 353 3084 in
381 3019 525 3086 oratioue
553 3020 681 3107 integra
707 3020 813 3085 locum
841 3019 949 3086 uerbis
978 3020 1041 3085 illis
1068 3021 1126 3086 sod
1145 3022 1237 3088 aedo

185 3151 349 3226 postquam
370 3175 410 3186 -
429 3139 536 3203 obesse
557 3137 683 3202 sensuri
701 3137 778 3202 satis
800 3136 942 3202 uicinum
963 3137 1131 3204 obtinuit:
1152 3139 1237 3203 unde

187 3256 283 3322 facile
307 3255 376 3320 fieri
391 3255 496 3342 potuit
517 3265 553 3320 ut
567 3255 778 3341 grammatico
798 3253 887 3342 prius
908 3254 1030 3320 ironiae
1053 3256 1236 3342 exemplum

187 3372 388 3440 exoratione
403 3373 436 3437 in
457 3370 608 3439 Clodium
628 3371 809 3438 excribenti
824 3374 926 3437 uerba
939 3371 996 3437 illa
1007 3374 1164 3458 contigua
1175 3373 1235 3438 sub

188 3490 299 3556 oculos
313 3489 524 3554 incurrerent.
566 3511 671 3578 neque
686 3490 790 3554 minus
804 3489 960 3554 iudicium
974 3499 1124 3554 nostrum
1138 3511 1234 3555 sensu

187 3616 219 3672 et
239 3617 396 3674 contextu
418 3606 518 3672 totius
540 3607 603 3671 loci
623 3607 816 3672 defenditur.
859 3627 901 3670 ex
914 3605 1106 3691 fragmentis
1127 3605 1236 3670 uerbis

186 3723 246 3790 illis
260 3722 531 3812 praecedentibus
546 3722 667 3811 liquido
683 3723 891 3788 confirmatur
905 3720 1108 3805 Ciceronem,
1123 3732 1237 3810 postea

185 3863 282 3928 quam
306 3848 455 3906 ornatum
475 3838 662 3906 muliebrem
679 3838 784 3908 clodii
799 3838 913 3921 inrisit,
936 3860 973 3903 eo
989 3839 1186 3926 processisse
1200 3851 1236 3904 ut

185 3979 226 4022 ex
248 3979 340 4023 more
363 3980 421 4023 suo
443 3957 677 4024 demonstraret
697 3966 819 4044 quanto
835 3978 934 4043 opere
948 3956 1081 4022 Clodius
1103 3980 1123 4021 a
1142 3957 1236 4020 mori-

185 4074 245 4140 bus
272 4073 432 4140 maiorum
457 4095 588 4138 suorum
620 4073 808 4140 desciuisset
828 4095 835 4136 :
858 4073 949 4138 cuius
976 4074 1023 4138 rei
1043 4073 1169 4139 Tullius
1189 4074 1235 4139 ita

184 4193 363 4258 clausulam
390 4190 468 4256 fecit
503 4201 540 4256 ut
568 4192 640 4257 lusu
661 4192 834 4256 uerborum
855 4190 1080 4276 ambiguorum
1106 4213 1182 4254 usus
1203 4202 1235 4254 et

982 4290 999 4352 7
1015 4291 1033 4330 a
