3342 5200
444 634 493 685 180
649 629 714 683 VIII
748 630 796 682 Du
813 629 936 682 MORTE
953 628 1102 681 FRATRIS
1121 628 1276 681 aarum

442 819 571 864 carmen
583 804 696 863 uxumb
710 819 807 886 supra
816 820 848 885 p.
860 797 1047 862 I8nidimus
1062 795 1154 884 quasi
1167 796 1201 861 in
1215 796 1356 862 confinio
1370 794 1486 863 amoris

443 938 507 980 non
528 915 605 980 dum
618 914 739 981 turbati
754 925 787 982 et
802 914 928 981 discidii
948 915 1124 980 amantium
1144 913 1329 1001 ponendum
1350 924 1384 980 et
1403 935 1486 979 anno

442 1032 560 1110 aalma
587 1041 732 1098 extremo
760 1032 1000 1098 attribuendum
1028 1054 1108 1099 esse.
1157 1053 1263 1118 neque
1284 1051 1364 1096 uero
1385 1030 1488 1096 maius

441 1150 604 1238 quoddam
630 1128 837 1217 interuallum
863 1151 948 1216 inter
976 1160 1104 1237 tempus
1131 1172 1195 1239 quo
1221 1149 1323 1216 frater
1344 1158 1488 1214 mortuus

442 1278 475 1334 et
506 1289 570 1356 quo
597 1288 726 1333 carmen
754 1267 834 1334 illud
861 1267 1016 1356 scriptum
1044 1278 1095 1335 est
1121 1267 1339 1333 intercessisse
1372 1276 1486 1353 potest,

442 1385 593 1475 quoniam
615 1407 776 1452 maerores
792 1396 823 1452 et
838 1387 944 1451 luctus
957 1395 1074 1473 poetae
1095 1395 1162 1453 tam
1184 1394 1259 1452 sunt
1278 1384 1487 1450 uehementes

440 1513 478 1569 ut
497 1502 558 1568 nisi
578 1513 739 1569 recentem
754 1503 897 1569 dolorem
911 1503 1095 1591 exprimere
1115 1526 1180 1570 nou
1194 1525 1290 1591 possa
1303 1500 1484 1568 uideantur.

442 1643 482 1686 en
503 1621 604 1686 habes
623 1622 729 1687 locum
750 1629 879 1687 totum:

595 1763 690 1829 'Itala
710 1763 815 1828 ulrum
836 1774 866 1827 et
885 1765 1031 1826 metten
1051 1761 1186 1826 munium
1206 1760 1320 1827 acerba
1343 1763 1436 1845 einis,

540 1904 655 1970 quaene
677 1885 763 1946 etiam
784 1893 885 1946 nostro
905 1881 993 1945 letam
1013 1879 1184 1945 miserabile
1197 1878 1303 1964 fratri

589 1999 692 2063 atmltl.
736 1998 790 2063 tei
806 2002 916 2064 misero
937 1997 1039 2081 frater
1058 2000 1198 2082 adempte
1217 1996 1300 2081 milis}

540 2115 593 2181 tei
610 2117 717 2181 meiero
730 2114 836 2201 fratri
854 2116 1018 2181 iucundam
1039 2115 1141 2180 lamen
1160 2115 1340 2198 ademptum,

583 2247 681 2299 tecam
702 2257 763 2299 una
784 2246 845 2299 tota
867 2246 909 2299 est
928 2245 1034 2299 nocua
1055 2235 1169 2319 sepulta
1189 2232 1307 2316 domur,

538 2350 640 2415 omnia
661 2361 760 2415 tecum
780 2373 844 2415 ana
864 2354 1024 2436 perierant
1041 2350 1163 2438 qualia
1182 2362 1288 2415 metra

588 2491 666 2557 qnae
686 2468 807 2533 taurin
827 2469 895 2532 aila
915 2466 1019 2532 duleis
1038 2466 1140 2532 alebat
1159 2490 1255 2536 amur.

537 2609 626 2674 qaam
647 2608 728 2651 nunc
749 2596 813 2651 tam
834 2584 925 2672 lonyc
945 2608 1008 2650 aaa
1028 2584 1112 2650 iuter
1130 2596 1204 2650 nota
1224 2583 1370 2670 capuam

586 2726 642 2768 aec
659 2726 757 2789 prope
778 2714 922 2790 aequatos
943 2702 1135 2788 conpositam
1158 2706 1281 2784 amaea,

535 2820 593 2886 aed
617 2821 714 2887 Troia
734 2823 889 2904 obscaena,
917 2821 1011 2886 :troia
1032 2820 1159 2904 infelice
1179 2819 1328 2906 sepulturi

584 2938 696 3002 detinet
715 2949 844 3003 extremo
865 2950 948 3002 terra
968 2937 1076 3003 aliena
1095 2939 1165 3002 colo.

437 3093 572 3161 similem
594 3094 714 3160 doloris
736 3093 973 3160 uehementiam
1004 3104 1036 3161 et
1057 3095 1149 3184 quasi
1171 3097 1315 3182 inpetum
1337 3094 1486 3162 carminis

437 3231 506 3277 axv
532 3234 644 3277 uersus
668 3212 769 3276 1-15
798 3211 939 3279 restituti
967 3222 1000 3278 et
1028 3211 1115 3278 aucti
1143 3209 1253 3278 caroli
1286 3210 1485 3278 Lachmauni

437 3326 572 3395 artificio
599 3328 693 3416 plane
722 3328 905 3396 admirabili
933 3330 1057 3417 spirant
1084 3340 1117 3396 et
1145 3338 1305 3395 testantur
1329 3355 1336 3393 :
1359 3352 1426 3419 qua
1449 3352 1483 3395 re

436 3446 469 3511 id
501 3445 632 3511 carmini
658 3454 772 3512 uxumb
795 3447 865 3513 fere
894 3446 1028 3536 aequaIe
1057 3468 1127 3512 esse
1159 3467 1359 3512 censeamus.
1412 3470 1483 3513 con·

435 3563 580 3629 ferantur
600 3563 633 3628 in
654 3565 764 3652 primis
786 3587 899 3631 uersus
921 3565 1051 3652 quintus
1073 3574 1106 3631 et
1127 3573 1239 3630 sextus

535 3728 666 3793 namque
686 3712 748 3771 mei
765 3730 815 3772 aa
821 3731 893 3793 per
914 3707 1049 3772 Lethaea
1068 3707 1191 3796 qarqite
1203 3707 1328 3794 fratris

583 3822 766 3908 pallidulum
786 3846 918 3889 manum
938 3824 1036 3889 adluit
1056 3826 1137 3889 anda
1154 3823 1274 3910 perlem.

435 3963 582 4029 conicere
612 3964 714 4051 igitur
739 3965 815 4030 licet
844 3966 976 4031 fratrem
1008 3964 1129 4032 Catulli
1156 3986 1241 4031 anno
1262 3965 1382 4043 694260
1402 3987 1479 4031 mor

438 4091 530 4146 tuum
551 4102 620 4146 esse
642 4080 695 4164 (cs
716 4082 988 4170 Iungclaussenus
1008 4105 1041 4170 p.
1058 4081 1122 4168 18).
1166 4082 1252 4170 quod
1267 4083 1308 4147 ab
1327 4082 1478 4170 Helbigic

438 4198 473 4284 (1.
490 4222 517 4264 c.
532 4221 562 4286 p.
576 4197 670 4282 1218)
684 4220 770 4264 mors
784 4199 893 4266 fratris
908 4221 994 4266 anno
1009 4199 1125 4277 696l58
1140 4199 1326 4267 attribuitur
1339 4224 1406 4268 non
1419 4201 1476 4268 ism
