3342 5200
397 629 415 675 4
802 614 1013 669 Pavonum

395 792 433 849 ut
460 782 603 847 incuriae
631 792 664 847 et
696 782 925 869 neglegentiae
951 782 1095 861 crimen,
1127 781 1214 867 quod
1235 780 1446 847 Lscbmanno

395 898 518 965 Catulli
539 898 654 965 editori
676 896 871 965 Guilielmus
891 898 1097 964 Froebnorus
1116 921 1222 984 nuper
1241 898 1383 981 obiecit,
1405 898 1447 963 sb

396 1016 525 1081 homine
545 1039 610 1081 non
631 1016 728 1081 modo
749 1014 1008 1101 ingeniosissimo
1030 1014 1207 1079 sedetiam
1228 1013 1446 1079 curiosissimo

395 1133 519 1197 uiribus
540 1132 689 1197 omnibns
709 1133 906 1220 propulsem.
948 1131 1154 1196 Froebnorus
1167 1130 1298 1218 quidem
1319 1130 1348 1195 si
1368 1130 1448 1195 nibil

394 1249 481 1315 aliud
506 1250 663 1315 uoluisset
686 1249 750 1314 nisi
772 1248 964 1315 coniecturis
984 1247 1115 1313 insulsis
1133 1245 1297 1315 Catullum
1315 1269 1446 1329 uexere,

395 1388 532 1452 quarum
551 1376 668 1430 natura
689 1388 732 1431 ex
753 1365 902 1453 specioso
923 1366 1073 1451 exemplo
1093 1376 1131 1428 ut
1143 1373 1369 1449 cognoscatur,
1391 1364 1448 1428 ob·

396 1482 579 1547 lectationis
599 1505 714 1548 caussa
734 1504 987 1547 commemorare
1006 1481 1097 1547 lubet
1120 1481 1211 1545 illum
1232 1502 1352 1545 arcam
1368 1502 1447 1566 qus-

397 1598 470 1663 dam
491 1598 602 1683 legum
622 1598 806 1685 aphaeresis
828 1621 926 1686 quarn
947 1597 1150 1684 grammatici
1173 1606 1292 1661 uocant
1313 1597 1449 1662 scientis

396 1738 489 1780 usum
517 1716 719 1803 corruptelae
748 1716 794 1779 illi
824 1716 1014 1780 notissimae
1043 1717 1115 1797 (uxr
1148 1714 1204 1797 74)
1229 1714 1292 1780 bac
1323 1713 1446 1801 insigni

396 1833 520 1899 medela
542 1855 727 1899 succurrere
747 1841 948 1919 temptasse:

694 1952 768 2036 quic
789 1950 867 2014 deus
884 1954 984 2037 mopt's
1004 1973 1025 2012 a
1044 1949 1172 2013 moritis

695 2079 738 2131 est
753 2066 905 2151 petendus
925 2066 1111 2146 amantibus,

397 2181 424 2247 si
445 2183 579 2269 inquam
600 2182 681 2246 nihil
702 2182 764 2247 nisi
787 2182 1084 2257 emendationibus,
1114 2182 1141 2245 si
1163 2181 1211 2246 dis
1232 2180 1354 2267 placet,
1375 2180 1446 2244 tali·

396 2300 456 2365 bus
496 2297 681 2363 effutiendis
711 2298 871 2385 pruritum
907 2298 1053 2361 criticum
1090 2296 1205 2362 sedare
1238 2296 1293 2361 ille
1327 2297 1446 2361 noluis-

395 2424 462 2498 set,
490 2415 552 2479 hoc
577 2416 738 2501 patienter
765 2413 1018 2501 pertulissemus.
1060 2436 1117 2477 cur
1139 2414 1224 2479 enim
1246 2423 1321 2501 post
1340 2423 1390 2480 tot
1411 2413 1446 2477 in

396 2531 524 2601 Catullo
547 2530 749 2596 emendando
771 2542 804 2596 et
824 2529 1022 2618 antiquiores
1043 2540 1077 2595 et
1097 2531 1296 2596 recentiores
1311 2541 1447 2618 nugato-

395 2671 447 2714 res
477 2672 544 2714 non
575 2648 796 2714 Froehnerum
830 2670 960 2735 quoque
992 2669 1097 2734 aequo
1129 2649 1238 2712 animo
1269 2658 1303 2714 et
1333 2648 1446 2713 sedato

395 2764 637 2830 toleraremus?
679 2775 712 2830 at
732 2787 803 2830 cum
825 2764 912 2830 idem
932 2765 966 2828 in
986 2764 1143 2852 philologi
1159 2763 1369 2830 Leutschisni
1391 2787 1448 2829 uo·

394 2883 523 2948 luminis
538 2906 602 2948 xuu
616 2905 648 2969 p.
661 2880 723 2946 579
738 2880 893 2946 adcurate
908 2879 1127 2945 adfirmauerit
1142 2879 1446 2945 Lachmannum
1501 2961 1512 2968 ἱ

396 2998 444 3062 de
465 2998 524 3064 eis
546 3020 649 3084 quae
670 3020 808 3064 manus
831 2996 1153 3063 codicisttsni
1174 2997 1305 3084 prima
1326 2999 1447 3084 scrip

396 3115 500 3182 serit
531 3115 783 3203 plerumque
815 3114 925 3178 falsa
955 3114 1199 3196 rettulisse,
1231 3113 1273 3178 ni
1304 3113 1446 3178 mirum

395 3254 483 3296 cum
510 3241 631 3297 recte
652 3232 793 3317 legere
813 3253 893 3295 non
914 3229 1154 3311 didicisset,
1189 3239 1223 3294 et
1242 3229 1391 3295 ueritatis
1414 3240 1447 3294 et

394 3349 568 3413 memoriae
597 3347 658 3412 uiri
688 3347 801 3412 summi
830 3346 970 3412 tuendae
995 3369 1108 3412 caussa
1128 3347 1346 3434 eloquendum
1367 3346 1447 3412 mihi

396 3486 466 3528 esse
497 3473 576 3550 puto
605 3461 812 3545 Froehnero,
845 3486 919 3527 cnm
946 3461 1191 3527 Lachmannum
1223 3462 1447 3549 indiligentiae

394 3581 588 3646 conuincere
614 3580 728 3662 uellet,
760 3578 916 3644 accidisse
945 3588 981 3643 ut
1010 3603 1046 3644 se
1067 3580 1171 3665 ipsum
1193 3588 1226 3644 et
1247 3577 1378 3665 legendi
1398 3577 1448 3642 in-

395 3697 625 3784 peritissimum
654 3705 687 3760 et
716 3695 926 3781 neglegentis
944 3695 1041 3782 plane
1061 3693 1242 3759 incredibili
1263 3694 1446 3781 praeditum

394 3822 584 3901 praestaret.
626 3833 782 3898 quaeres
804 3812 878 3876 ilico
900 3809 977 3875 mihi
997 3809 1169 3896 adparuit,
1191 3833 1265 3876 cum
1287 3811 1446 3899 discepta-

393 3943 484 3995 turus
511 3939 621 3994 utrum
649 3928 876 3992 Lachmannus
908 3951 949 3994 an
978 3926 1182 3993 Froehnorus
1213 3927 1248 3992 in
1274 3928 1447 4014 scripturis

392 4057 506 4112 marrus
528 4045 648 4110 codicis
670 4045 792 4110 Datani
814 4045 956 4130 primae,
987 4065 1072 4132 quae
1099 4045 1287 4132 saepissime
1308 4043 1446 4110 adrasse

393 4173 450 4227 aut
471 4161 675 4228 oblitteratae
695 4170 752 4225 aut
773 4159 834 4224 alio
856 4160 952 4226 modo
974 4160 1165 4227 obscuratae
1186 4171 1272 4244 sunt,
1296 4160 1445 4248 legendis
