3342 5200
454 693 504 748 tto
721 687 759 742 vl
794 687 846 742 DE
863 683 1042 742 anonim
1060 682 1215 738 esum

454 857 616 948 quadrent
635 879 644 922 ε
663 856 698 923 in
718 854 830 946 primis
850 856 951 923 uerbo
970 845 1123 936 ‘cinaedi’‚
1154 871 1219 939 quo
1238 850 1329 916 illum
1350 847 1493 916 Catullus

450 974 645 1063 adloquitur,
667 973 827 1041 sententia
846 983 959 1039 nostra
972 971 1067 1037 ualde
1087 969 1266 1037 adiuuatur.
1308 966 1493 1031 quentium

449 1093 545 1177 onim,
568 1089 716 1182 quamuis
737 1113 756 1156 e
775 1089 877 1156 nobili
899 1097 996 1177 gente
1017 1086 1171 1153 oriundus
1192 1091 1276 1150 osset
1297 1082 1355 1166 (ol.
1378 1103 1456 1147 xxm
1476 1081 1492 1144 l

660 1255 688 1322 0
708 1255 766 1343 qui
776 1254 930 1340 flosculus
952 1276 985 1318 es
1005 1251 1219 1331 quentiorum,

650 1371 956 1447 tantummdo,
978 1365 1344 1455 sedquotautfueruut

651 1499 707 1552 out
725 1485 855 1572 posthoc
876 1488 950 1551 aliia
970 1498 1058 1550 munt
1076 1489 1107 1549 iu
1128 1483 1244 1566 nauis),

451 1683 558 1736 umen
580 1667 669 1735 Furii
699 1677 732 1736 st
757 1669 886 1736 Aurelii
910 1668 1036 1736 libidini
1056 1667 1216 1734 nefandae
1235 1687 1271 1731 se
1290 1665 1497 1754 prostituisse

451 1787 485 1853 in
498 1795 613 1874 aperto
628 1796 686 1852 est.
727 1809 769 1853 ne
784 1808 882 1875 quem
896 1796 1003 1853 autem
1020 1785 1171 1852 nobilitas
1185 1782 1328 1851 quentii
1341 1782 1497 1858 offendat,

1587 1912 1588 1957 l

1587 1986 1588 2025 l

1587 2036 1588 2095 l

452 1902 618 1970 Ciceronis
647 1903 689 1969 ad
709 1904 854 1970 Atticum
875 1928 883 1969 ι
907 1904 947 1969 16
966 1904 988 1969 5
1009 1904 1111 1969 uerba
1137 1901 1263 1967 adleme
1284 1899 1376 1965 lubet
1405 1900 1498 1979 haee,

451 2025 540 2086 mam
577 2033 678 2088 metes
710 2033 861 2086 catorum
889 2023 1050 2086 mulierum
1081 2031 1171 2106 utque
1200 2017 1499 2083 nduleaeeumlomm

451 2137 602 2202 nobilium
622 2137 865 2204 uhtreduotsboes
891 2159 952 2201 nou
978 2137 1073 2202 uallis
1097 2135 1253 2201 odiosum
1272 2157 1333 2220 pro
1352 2137 1499 2208 mercedis

450 2255 568 2319 cumulo
597 2253 733 2338 fumat.
775 2253 871 2320 etiem
901 2263 1028 2341 tempus
1048 2274 1113 2340 quo
1143 2251 1322 2318 necessario
1350 2251 1499 2318 Catullus

451 2393 580 2436 carmon
601 2393 670 2437 xxv
689 2370 826 2457 scripsit,
848 2392 922 2435 cum
941 2380 1087 2458 tempore
1101 2369 1153 2435 eui
1167 2379 1264 2434 autea
1281 2367 1354 2433 aliis
1375 2369 1500 2433 caussis

451 2486 530 2552 moti
559 2497 668 2553 uetera
695 2487 735 2552 de
762 2485 914 2553 quentio
943 2485 1084 2551 carmina
1110 2484 1331 2565 attribuimus,
1363 2485 1500 2570 egregie

452 2603 611 2691 congruit.
653 2602 877 2669 iudicabamus
892 2602 977 2669 euim
998 2625 1064 2669 uon
1085 2613 1160 2668 aute
1182 2624 1279 2691 quam
1301 2625 1319 2666 e
1341 2602 1500 2688 Bithynia

451 2720 584 2788 redierit
592 2718 755 2787 Catullum
764 2720 948 2786 quentium
958 2742 1092 2785 amasso.
1114 2718 1501 2806 iamuidequaesoquam

452 2838 563 2925 pulcre
584 2836 727 2925 opinioni
748 2836 821 2902 huic
842 2814 973 2903 darmen
993 2860 1062 2901 xxv
1074 2835 1359 2901 adcommodatur:
1379 2835 1499 2901 etenim

453 2976 495 3020 ox
509 2975 605 3019 usrm
620 2953 767 3041 septimo,
785 2954 842 3019 ubi
855 2948 1056 3040 ‘autographi
1067 2946 1185 3041 Thyui'
1195 2962 1501 3036 commemorantur,

453 3092 582 3136 carmen
621 3080 695 3157 post
725 3069 788 3135 iter
817 3070 1025 3158 Bithynicum
1057 3072 1210 3157 seriptum
1244 3092 1314 3136 esse
1351 3070 1500 3158 adparet,

453 3187 582 3274 quaudo
605 3186 744 3275 quidem,
767 3187 924 3281 quidlibet
937 3186 978 3251 de
991 3181 1216 3275 ‘autographis’
1229 3186 1294 3253 illis
1306 3186 1500 3267 iudicamus,

452 3314 562 3369 tanum
590 3326 646 3370 eos
674 3327 715 3369 ex
735 3304 893 3391 Bithynia
913 3326 934 3369 a
954 3304 1083 3371 Catullo
1113 3314 1295 3393 reportatos
1316 3326 1386 3370 esse
1408 3305 1502 3373 dubi-

454 3419 516 3485 tari
538 3442 602 3485 non
625 3431 741 3509 potest.
784 3431 818 3487 at
833 3420 911 3509 quid
925 3421 967 3487 de
986 3421 1125 3488 nominis
1139 3421 1320 3487 discrimine
1335 3420 1402 3499 fiet,
1424 3446 1502 3488 oum

452 3536 480 3601 is
501 3535 534 3599 in
557 3557 652 3623 quem
675 3536 821 3603 Catullus
842 3558 955 3604 uersus
975 3538 1034 3603 hos
1055 3538 1133 3603 feeit
1153 3559 1219 3603 uon
1238 3546 1307 3604 tam
1326 3538 1501 3606 quentius

454 3673 550 3739 quam
571 3652 704 3719 Thallus
725 3654 937 3720 nominetur?
977 3654 1083 3721 Thalli
1104 3677 1221 3721 nomeu
1241 3654 1407 3722 Crassum
1428 3678 1501 3723 esse

453 3769 557 3856 quiuis
584 3768 683 3835 uidet
725 3769 802 3857 quid
824 3794 903 3838 uero
924 3771 1078 3837 hocloco
1100 3772 1264 3839 Graecum
1286 3794 1404 3837 nomen
1437 3772 1500 3839 sibi

453 3883 556 3949 uult?
596 3907 673 3950 num
688 3885 821 3953 Thallus
836 3911 917 3975 puer
936 3888 1066 3955 natione
1081 3888 1228 3956 Graecus
1250 3889 1342 3955 fuit?
1383 3912 1501 3977 parum

453 4001 514 4065 hoc
536 4001 738 4068 uerisimile.
778 4014 815 4071 ut
835 4004 977 4071 breuiter
998 4028 1081 4093 quae
1108 4006 1211 4071 sentio
1239 4006 1359 4091 dicam,
1388 4007 1500 4073 Thalli

454 4137 570 4182 nomen
591 4128 640 4184 est
660 4120 767 4185 fiotum
790 4132 826 4187 ut
847 4121 957 4187 Lesbii
978 4132 1011 4189 st
1030 4122 1169 4189 Lesbiae
1190 4122 1337 4200 nomina,
1368 4124 1408 4191 de
1431 4126 1501 4215 qui·

452 4231 513 4297 bus
533 4233 596 4299 iam
619 4236 900 4325 supradiximus:
922 4240 955 4305 id
976 4239 1064 4327 quod
1079 4239 1257 4307 Teuffelius
1271 4264 1403 4330 quoquo
1424 4243 1447 4308 l.
1470 4269 1499 4309 c.
