3342 5200
414 662 462 715 182
696 660 721 712 V
753 660 802 712 DE
819 658 997 713 AMORIBVS
1015 660 1167 713 carum

412 825 473 891 hoc
496 836 546 892 est
567 847 650 892 anno
664 827 782 904 694160
798 838 953 910 extremo,
975 827 1178 917 conpositum
1193 850 1264 893 esse
1278 827 1457 912 docuimus,

411 952 508 1030 poeta
528 944 619 1010 initia
640 946 689 1009 sui
711 946 828 1012 amoris
849 946 1009 1030 narrauit,
1037 956 1146 1012 tamen
1168 968 1209 1011 66
1230 946 1367 1012 uerbum
1390 946 1459 1035 qui-

413 1059 485 1126 dem
510 1060 640 1127 'addidit
669 1084 734 1151 quo
765 1084 823 1150 per
844 1063 996 1149 temporis
1018 1064 1157 1150 spatium
1177 1063 1308 1130 biennio
1329 1064 1459 1150 longius

412 1178 529 1243 amoris
550 1178 633 1244 illius
654 1178 840 1246 felicitatem
862 1180 994 1246 durasse
1014 1190 1130 1268 putare
1150 1202 1348 1266 cogeremur.
1392 1203 1459 1247 cre

412 1294 515 1361 dimus
537 1296 637 1383 igitur
661 1319 690 1362 a.
705 1296 821 1374 693161
838 1295 986 1363 Clodiam
1002 1320 1021 1363 a
1036 1295 1166 1364 Catullo
1187 1299 1287 1363 amari
1309 1308 1458 1385 coeptam

412 1436 483 1478 esse
510 1436 517 1476 :
547 1435 611 1501 quo
645 1435 729 1479 anno
761 1412 908 1481 Catullus
947 1437 1067 1480 annum
1105 1416 1297 1502 uigesimum
1330 1424 1458 1481 sextum

412 1528 527 1596 Clodia
548 1552 669 1596 annum
690 1531 803 1597 aetatis
824 1533 1028 1619 trigesimum
1049 1533 1178 1598 tertium
1200 1532 1353 1619 agebant.
1396 1534 1459 1597 for-

411 1656 498 1713 tasse
519 1649 677 1735 quispiam
699 1648 830 1715 moleste
854 1649 961 1715 ferens
982 1648 1144 1717 Catullum
1166 1648 1314 1716 Clodiam
1335 1660 1459 1737 septem

413 1765 504 1829 annis
535 1776 614 1831 natu
647 1787 682 1831 66
714 1768 869 1832 maiorem
900 1767 1058 1833 amauisse
1089 1766 1165 1833 inde
1200 1766 1387 1855 scrupulum
1418 1766 1458 1832 de

412 1882 548 1948 ueritate
570 1893 700 1949 nostrae
721 1883 763 1950 66
783 1882 920 1968 Lesbia,
951 1907 1049 1973 quam
1080 1884 1213 1949 eandem
1242 1908 1281 1949 66
1309 1883 1457 1950 Clodiam

411 2000 673 2085 quadrantariam
704 2001 802 2066 fuisse
830 2000 1071 2085 contendimus,
1106 2001 1283 2084 sententiae
1308 2000 1457 2067 mouerit.

412 2140 508 2206 quem
536 2118 686 2184 facillime
714 2141 881 2185 remouere
910 2119 985 2185 licet
1011 2118 1242 2207 simplicissimo
1265 2128 1458 2205 argumento

412 2234 567 2339 adhibito.
619 2259 661 2302 ex
689 2234 856 2303 Ciceronis
886 2234 1037 2302 Caeliana
1072 2245 1197 2301 constat
1225 2233 1372 2301 Clodiam
1399 2257 1460 2322 per

403 2346 538 2440 ¹tempus
560 2352 690 2440 aliquod
712 2376 732 2418 6
753 2353 799 2419 M.
822 2353 934 2421 Caelio
955 2353 1041 2419 Rufo
1069 2362 1209 2419 amatam
1232 2374 1300 2419 esse
1322 2377 1330 2418 τ
1353 2362 1386 2418 66
1406 2353 1459 2417 hic

412 2468 543 2537 Caelius
574 2472 741 2538 duodecim
773 2472 866 2538 annis
897 2471 1012 2540 Clodia
1039 2482 1117 2538 natu
1141 2473 1247 2537 minor
1277 2469 1355 2550 fuit,
1386 2493 1458 2535 oum

411 2597 486 2654 ante
515 2585 546 2657 6.
572 2612 594 2653 v
616 2590 680 2655 kal.
705 2590 777 2659 Iun.
806 2590 883 2657 anni
909 2589 1027 2667 672182
1056 2600 1150 2657 natus
1179 2597 1264 2656 esset
1290 2587 1346 2673 (of.
1374 2588 1457 2655 Plin.

411 2705 480 2772 HN
498 2710 542 2772 vir
561 2706 628 2792 50).

494 2823 565 2889 Iam
612 2823 833 2913 quaerendum
867 2834 915 2891 est
951 2825 1081 2913 quando
1117 2823 1263 2892 Catullus
1308 2821 1458 2890 Clodiam

412 2963 520 3007 amare
548 2941 678 3007 desierit
706 2951 739 3007 et
770 2941 956 3008 deseruerit
1006 2941 1178 3029 Helbigius
1206 2952 1239 3008 et
1265 2941 1455 3027 Iungclaus-

411 3081 507 3124 senus
534 3058 567 3122 in
600 3080 637 3123 eo
661 3059 867 3125 consentiunt
896 3061 983 3148 quod
1007 3082 1071 3148 quo
1093 3070 1236 3146 tempore
1259 3057 1375 3125 Cicero
1397 3082 1457 3147 pro

411 3174 522 3243 Caelio
549 3177 668 3242 dixerit
691 3175 856 3243 Catullum
876 3179 940 3244 iam
962 3200 982 3242 a
1002 3177 1233 3243 cousuetudine
1255 3175 1388 3244 Clodiae
1410 3198 1457 3241 re-

411 3295 545 3361 cessisse
574 3303 721 3360 66666666
752 3316 760 3359 :
792 3295 846 3359 cui
873 3295 1052 3360 sententiae
1080 3295 1194 3380 utique
1220 3292 1457 3380 astipulandum

410 3421 469 3477 est
511 3421 548 3477 ut
569 3412 754 3479 adcuratius
775 3412 1028 3499 inuestigemus,
1048 3433 1124 3494 nos,
1146 3434 1218 3477 cum
1239 3409 1354 3478 Cicero
1377 3409 1457 3477 Cae

409 3527 486 3594 lium
508 3549 585 3594 uere
605 3553 632 3595 a.
646 3528 765 3608 698166
781 3528 910 3597 Catullo
932 3551 997 3594 non
1018 3529 1095 3594 dum
1116 3527 1304 3616 eBithynia
1323 3549 1455 3594 reuerso

410 3645 594 3712 defenderit
621 3655 655 3712 et
676 3669 760 3712 anno
781 3647 898 3726 697167
920 3646 1066 3713 06661166
1086 3648 1119 3712 in
1142 3646 1297 3733 Bithynia
1316 3667 1456 3711 commo

409 3773 498 3829 ratus
534 3763 591 3846 sit,
626 3764 668 3829 ad
701 3787 820 3830 annum
852 3764 968 3841 696l58
998 3764 1161 3848 ducimur,
1208 3785 1272 3851 quo
1308 3761 1456 3829 Catullus

410 3879 544 3947 Clodiae
576 3901 721 3946 amorem
754 3881 954 3947 renuntiasse
983 3860 1147 3969 putandus
1176 3880 1245 3946 sit:
1267 3881 1323 3969 qui
1351 3904 1455 3947 annus

409 3995 493 4060 idem
517 4006 565 4062 est
585 4019 650 4084 quo
672 4020 762 4063 amor
777 3996 881 4065 Caelii
897 4007 929 4063 et
944 3996 1078 4065 Clodiae
1099 3996 1240 4062 maxime
1259 3998 1348 4064 arsit.
1391 4020 1455 4085 qua

409 4134 445 4177 re
467 4112 604 4200 quisque
637 4113 796 4202 intellegit
825 4137 923 4202 quam
951 4113 1084 4201 egregie
1110 4113 1286 4180 sententiae
1313 4114 1359 4180 illi
1387 4139 1454 4182 sue

411 4240 567 4296 curratur.
609 4242 778 4319 praeterea
794 4233 875 4299 haec
895 4232 995 4319 digna
1016 4240 1092 4297 sunt
1106 4254 1190 4318 quae
1204 4233 1453 4320 perpendantur.
