3342 5200
469 670 506 722 vl
539 671 587 724 DE
605 667 781 722 AMORIBVS
800 668 955 722 essm
1188 671 1236 721 145

448 835 559 921 infesto
579 841 723 902 miserem
742 859 787 901 me
807 838 928 902 tradere
948 835 1059 902 Amori

358 976 419 1020 non
440 955 565 1018 cessasti
581 959 721 1040 omnique
742 958 922 1018 emesaemre
942 955 1037 1035 modo,

288 1084 323 1138 et
342 1074 391 1139 mi
406 1096 446 1137 ese
464 1073 625 1138 ambrosia
646 1083 785 1137 mutatum
806 1073 870 1138 iam
890 1071 968 1151 foret
987 1071 1068 1138 iliad

362 1191 515 1256 saviolum
535 1191 617 1256 tre'sti
634 1191 751 1256 tristius
771 1189 926 1256 helleboro.

290 1330 383 1393 qssom
405 1307 547 1393 quoniam
565 1329 698 1392 poenam
720 1306 834 1372 misero
852 1306 999 1391 proponis
1019 1310 1126 1389 uenosi,

362 1439 525 1510 numquam
545 1427 608 1490 iam
627 1423 751 1509 postiae
772 1423 863 1488 basia
884 1423 1065 1508 surripiam.

184 1573 359 1638 quentius
398 1575 483 1641 enim
523 1573 653 1642 Catullo
695 1574 829 1640 Furium
866 1585 900 1640 et
936 1575 1106 1640 Aurelium
1149 1583 1236 1641 ense

183 1691 313 1778 posuit,
349 1714 415 1779 qus
441 1690 482 1755 de
514 1713 550 1756 re
582 1701 679 1778 poete
710 1691 852 1758 maxime
880 1691 995 1773 iratus,
1035 1700 1072 1757 ut
1101 1690 1234 1772 solebat,

184 1807 414 1875 acerbissimos
435 1807 559 1874 iambos
580 1809 614 1873 in
636 1809 717 1875 illud
731 1810 908 1875 amicorum
931 1819 963 1874 et
985 1816 1163 1874 amatorum
1176 1831 1236 1896 per

184 1926 337 1990 coniecit.
380 1946 516 2012 puerum
538 1936 680 1991 amatum
703 1950 721 1992 a
742 1925 833 1992 Furii
855 1925 1020 1992 amoribus
1042 1947 1179 1992 auocare
1201 1935 1235 1991 et

184 2043 349 2108 aemulum
385 2043 536 2109 quentio
572 2043 710 2110 inuisum
742 2043 879 2111 reddere
912 2043 1060 2111 Catullus
1094 2042 1235 2109 carmine

182 2183 278 2227 xxsm
299 2160 432 2227 studuit.

340 2304 370 2368 0
391 2307 445 2390 qui
457 2305 603 2388 fleseuhes
624 2327 657 2369 es
679 2302 903 2385 quentiormn,

337 2444 397 2485 non
419 2419 526 2485 dorum
547 2423 642 2503 modo,
663 2422 717 2484 sed
735 2433 804 2506 (μοι
824 2431 876 2484 aed
885 2419 1021 2504 fumant

338 2549 393 2601 out
410 2537 536 2623 posthae
557 2537 633 2603 aliis
656 2549 741 2602 erum
761 2537 795 2603 in
816 2537 920 2615 annis,

337 2654 461 2719 maliem
484 2653 613 2720 deicidas
636 2653 745 2719 Midae
767 2653 903 2719 dedisses

337 2773 391 2837 isti
408 2774 485 2858 qsoi
502 2796 598 2859 neque
619 2796 725 2838 seram
746 2784 789 2838 est
808 2795 907 2859 neque
927 2796 1014 2856 area,

337 2911 428 2975 ptem
450 2890 495 2954 sie
516 2900 544 2953 te
564 2890 680 2955 ssiseses
701 2890 742 2955 ab
760 2891 812 2955 dio
832 2894 940 2955 amasi.

337 2999 403 3093 ‘que'
413 3010 431 3071 ?
471 3030 530 3072 non
551 3020 597 3072 est
616 3012 701 3074 homo
722 3006 819 3071 bellus
833 2995 860 3072 ?’
879 3006 1010 3092 iooqee’es.
1053 3016 1098 3069 est
1121 3029 1133 3069 .·

337 3126 392 3190 sed
412 3123 487 3190 bello
508 3125 576 3191 huie
598 3147 693 3211 oeque
713 3147 818 3189 seruus
839 3137 881 3189 est
899 3146 992 3211 neque
1011 3147 1094 3188 area

337 3247 391 3309 doe
411 3256 443 3309 ts
464 3267 557 3331 quam
577 3245 656 3309 iubet
675 3244 761 3309 abice
782 3246 926 3330 eleuaque
946 3267 957 3307 .·

337 3384 394 3425 aee
415 3384 536 3426 seruum
558 3374 658 3428 tameo
679 3363 733 3429 ille
753 3362 843 3427 dohet
862 3384 957 3449 oseqsee
977 3384 1089 3427 aream.

265 3502 376 3567 Homo
408 3501 461 3567 ille
496 3525 515 3566 a
542 3514 655 3591 poete,
687 3503 763 3592 quia
791 3504 821 3568 ei
847 3526 954 3593 neque
985 3524 1098 3567 seruus
1128 3522 1232 3587 neque

189 3642 262 3685 area
277 3628 372 3703 esset,
388 3616 514 3685 derisus
526 3620 643 3685 Furius
656 3620 726 3705 fuit,
743 3621 834 3686 euius
848 3642 965 3685 nomen
980 3618 1075 3684 modo
1091 3618 1232 3684 nomina·

188 3738 293 3803 simus
316 3762 323 3801 :
345 3736 378 3803 id
400 3736 488 3825 quod
511 3760 551 3803 ex
574 3738 712 3807 carmine
733 3762 811 3805 xxm
834 3737 1008 3804 clarissime
1030 3735 1174 3825 adparet,
1198 3737 1231 3801 in

187 3876 247 3941 quo
270 3852 373 3937 Furii,

385 3976 436 4036 eei
454 3993 549 4057 neque
570 3994 678 4035 seruus
698 3983 740 4034 est
758 3993 855 4057 oeque
875 3995 950 4036 area

383 4110 441 4155 osee
463 4089 562 4153 eeines
582 4109 676 4174 neque
697 4109 832 4153 araneus
852 4110 945 4173 neqsse
965 4088 1057 4175 spois,

85 4268 86 4305 ;
186 4230 292 4319 inopie
314 4230 444 4298 sordide
466 4239 498 4297 et
519 4228 709 4295 mendicitas
725 4229 873 4303 famelica
894 4229 1098 4297 acerbissime
1120 4227 1228 4315 exagi-

993 4331 1032 4395 10
