3342 5200
425 605 474 658 188
705 601 744 654 vl
777 601 825 654 DE
843 601 1021 656 suumve
1037 601 1192 656 estvm

420 767 574 836 Lesbium
589 768 719 836 emebat
731 789 830 856 supro
845 767 1024 853 docuimus,
1037 769 1122 836 inter
1132 770 1190 836 hos
1201 791 1346 836 umorum
1358 769 1471 839 Getul-

420 886 582 952 liunorum
602 886 759 974 primitias
779 897 813 952 et
842 886 936 952 initis
966 886 1086 952 umoris
1105 887 1190 952 illius
1210 887 1372 976 primarii,
1401 909 1468 976 quo

420 1003 573 1070 Lesbium
595 1002 733 1090 deperiit
754 1001 912 1086 Catullus,
934 1003 1127 1070 decennium
1139 1004 1362 1070 interioouisse
1377 1027 1470 1093 sper-

418 1129 489 1186 tum
510 1128 569 1186 est.
612 1118 702 1185 euius
720 1119 768 1186 rei
789 1121 912 1186 mentio
935 1142 1006 1186 oum
1028 1120 1147 1187 iniecto.
1174 1120 1232 1204 sit,
1265 1122 1373 1187 faeere
1401 1145 1470 1188 non

420 1259 590 1326 mosomus
612 1237 689 1326 quin
712 1235 833 1324 sliquid
855 1237 943 1326 quod
963 1237 1083 1304 nostris
1105 1236 1146 1302 de
1161 1237 1359 1326 temporibus
1380 1261 1468 1304 omo

418 1376 491 1420 rum
518 1354 618 1424 etde
644 1363 753 1421 estote
780 1353 900 1420 Catulli
937 1355 1105 1421 sententiis
1136 1354 1297 1444 quispiam
1326 1356 1467 1422 sortasse

419 1492 582 1560 opponere
602 1471 690 1554 uelit,
713 1471 978 1559 preeoooupsndo
993 1473 1188 1540 refellemus.
1231 1495 1330 1559 supra
1345 1473 1393 1561 (p.
1406 1473 1466 1556 46)
1595 1528 1596 1557 p

419 1588 558 1655 diximus
579 1587 822 1654 Leohmennnm
844 1589 1022 1677 Huuptium
1043 1588 1233 1678 Helbigium
1255 1589 1334 1654 elios
1347 1588 1467 1656 Hiero

418 1703 509 1792 nymi
535 1704 762 1793 conputatione
791 1706 867 1772 enni
888 1704 1009 1774 catulli
1027 1707 1145 1772 natalis
1166 1717 1276 1794 spreto
1298 1706 1467 1776 Getullmn

417 1821 573 1889 decennio
593 1834 666 1912 post
694 1845 813 1889 annum
840 1824 881 1888 ob
903 1822 1105 1911 Hieronymo
1126 1821 1313 1908 indiculum,
1334 1822 1396 1890 hoe
1416 1835 1467 1890 est

418 1961 447 2006 s.
468 1940 585 2018 678176
606 1951 719 2008 nutum
740 1962 811 2006 esse
832 1963 972 2007 sensere.
1015 1941 1126 2030 itoque
1153 1963 1196 2006 ex
1223 1941 1352 2006 illorum
1381 1941 1467 2007 uiro

418 2079 490 2122 rum
525 2057 695 2124 doctorum
732 2059 893 2124 sententia
922 2056 1070 2126 Catullus
1107 2080 1191 2123 anno
1223 2057 1359 2138 693161,
1398 2080 1464 2147 quo

417 2172 571 2241 Lesbium
591 2197 700 2240 umore
720 2176 838 2264 eoepit,
859 2197 979 2240 sunum
1001 2175 1114 2241 oetstis
1138 2174 1296 2240 decimum
1316 2174 1465 2262 quintum
1595 2224 1596 2227 ,

419 2293 508 2380 egit,
540 2293 600 2358 hoo
628 2301 677 2359 est
708 2314 782 2357 eum
808 2293 916 2380 ipsum
944 2301 1002 2357 aut
1026 2291 1209 2379 proximum
1237 2313 1356 2358 sunum
1398 2315 1464 2380 quo

417 2419 531 2498 togam
552 2408 679 2476 uirilem
700 2411 847 2496 sumpsit.
890 2409 954 2475 ium
975 2431 1049 2474 eum
1071 2431 1199 2475 carmen
1220 2409 1253 2473 in
1273 2431 1337 2496 quo
1351 2404 1466 2476 uersus

417 2527 464 2594 illi
485 2527 638 2615 leguntur
656 2550 685 2593 e„
707 2527 823 2606 696158
845 2527 1000 2615 seriptum
1021 2525 1079 2610 sit,
1111 2525 1257 2592 uersibus
1286 2527 1351 2593 illis
1371 2526 1467 2592 initis

418 2645 535 2711 amoris
556 2644 696 2711 Lesbios
727 2644 867 2710 indicata
894 2653 1009 2732 putere
1032 2654 1065 2710 et
1085 2644 1160 2711 iude
1182 2653 1409 2731 argumentum
1430 2644 1465 2709 in

418 2763 557 2849 gretiam
585 2760 822 2850 oonputetionis
850 2759 1133 2827 Leehmennienoe
1159 2760 1277 2849 uliquis
1306 2779 1464 2850 quaerere

417 2877 527 2967 possit
579 2878 667 2967 quod
701 2878 758 2965 qui
789 2878 987 2965 susciperet,
1023 2878 1204 2965 speciosum
1239 2878 1370 2966 quidem
1405 2880 1464 2945 sed

417 2996 518 3061 nihilo
544 2996 649 3061 minus
680 2996 786 3063 nitore
811 2993 918 3060 fulleoi
946 2994 1088 3061 fucatum
1117 3003 1344 3081 argumentum
1371 2994 1464 3063 edhi-

417 3112 520 3178 beret.
575 3135 651 3179 nom
689 3112 751 3177 hee
785 3112 912 3177 ratione
951 3113 1149 3199 conprobato
1188 3109 1337 3179 Catullus
1377 3135 1464 3179 anno

418 3229 545 3315 696l58‚
567 3252 641 3297 oum
660 3253 724 3296 non
746 3230 857 3317 plures
877 3251 975 3315 quam
997 3228 1222 3316 duodeuiginti
1243 3252 1346 3295 annos
1365 3230 1464 3297 hehe

416 3355 484 3430 ret,
514 3347 669 3438 temporis
692 3345 760 3413 eius
787 3340 862 3434 ‘quo
884 3367 942 3411 uer
961 3345 1137 3411 iucundum
1158 3355 1248 3412 setes
1269 3368 1327 3412 sno
1347 3346 1464 3414 floride

417 3459 565 3553 egisset,
603 3464 663 3530 hoo
695 3471 746 3529 est
786 3484 850 3550 quo
887 3486 988 3529 snuoe
1024 3462 1206 3551 quindecim
1240 3472 1336 3529 natus
1367 3474 1463 3547 esset,

417 3580 605 3652 memorium
633 3579 718 3646 tristi
738 3590 771 3648 et
792 3581 897 3647 freoto
919 3581 1026 3647 snimo
1048 3581 1213 3648 recoleret.
1255 3580 1343 3668 quod
1365 3602 1464 3668 quom

416 3721 532 3787 purum
561 3697 840 3765 adulescentulum
867 3719 933 3763 non
962 3696 1040 3761 dum
1065 3696 1265 3763 uioenurium
1296 3696 1409 3763 deceat
1429 3697 1465 3763 in

415 3825 566 3904 promptu
589 3823 638 3881 est
660 3839 668 3881 τ
690 3837 731 3881 ne
752 3814 856 3881 diuum
871 3815 906 3880 in
926 3798 1143 3880 curmine'illo
1158 3804 1288 3901 poetam
1309 3814 1465 3902 temporis

417 3930 584 4021 eliquanto
603 3930 785 3999 remotioris
806 3929 993 3997 memoriam
1017 3950 1173 3995 reuoeure
1193 3930 1301 4017 potius
1322 3929 1465 3997 uoluisse

417 4072 514 4139 quom
550 4071 634 4138 qnee
669 4048 800 4116 triennii
832 4048 911 4116 satis
946 4045 1073 4113 modico
1108 4045 1282 4114 interuallo
1315 4070 1334 4113 a
1365 4047 1463 4115 rebus

417 4167 640 4256 praesentibus
666 4167 824 4235 distarent
852 4165 959 4232 onimo
983 4173 1142 4253 repetere
1185 4162 1263 4251 quid
1283 4164 1370 4254 quod
1388 4163 1464 4233 ridi·
