3342 5200
447 674 472 725 V
505 676 553 727 nu
573 672 753 727 molatura
771 674 931 727 caum!
1182 678 1215 727 87

159 864 188 905 xr
210 842 283 923 30).
329 862 405 905 nam
426 862 522 923 cum,
549 842 643 906 cuins
664 834 774 906 ‘uitam
795 839 984 908 libidinibus
1003 836 1217 929 inquinatam’

165 957 253 1041 (val.
271 957 409 1023 Maxim.
424 977 463 1021 ιιιι
485 959 507 1021 2
528 958 546 1021 'l
570 957 705 1038 Quintil.
728 983 735 1020 ι
758 958 779 1023 6
799 958 856 1043 29)
877 956 994 1023 Cicero
1016 957 1050 1023 in
1073 958 1219 1025 oratioue

162 1097 261 1161 quam
284 1096 345 1161 pro
368 1076 423 1139 illo
452 1074 565 1140 babuit
597 1096 695 1161 aegro
724 1084 756 1141 et
776 1096 818 1139 ne
838 1096 938 1161 aegre
960 1075 1093 1163 quidem
1113 1076 1220 1141 celare

163 1192 269 1279 potnit
281 1240 291 1274 ‚
324 1190 415 1255 cuius
446 1184 507 1257 ‘ras
536 1186 658 1277 gestao'
683 1192 716 1257 b.
739 1213 766 1257 o.
795 1200 907 1279 stupra
935 1202 969 1257 ot
999 1192 1158 1261 adulteria
1185 1193 1219 1257 in

163 1308 343 1394 prouinciis
365 1308 612 1395 per-ferebantur
631 1306 686 1392 (cf.
704 1308 773 1373 Oic.
792 1308 834 1373 ad
854 1308 931 1375 fam.
948 1332 966 1372 ιι
985 1309 1025 1375 15
1043 1310 1066 1375 5
1086 1330 1139 1374 vm
1158 1310 1176 1374 ‘l
1197 1310 1219 1373 2

162 1423 349 1489 Drumanni
367 1424 435 1490 HR
458 1448 475 1488 ιι
498 1424 590 1507 422),
623 1424 679 1514 qui
708 1423 749 1491 ab
781 1424 892 1513 Appio
922 1424 1062 1493 Claudio
1074 1474 1084 1507 ,
1115 1426 1218 1493 fratre

162 1540 302 1607 Clodiae
323 1552 402 1607 natu
423 1542 586 1625 maximo,
608 1564 692 1607 anno
716 1542 833 1618 704s50
854 1564 873 1606 s
892 1542 966 1626 loge
988 1542 1156 1609 Scantinia
1177 1545 1217 1610 de

159 1668 274 1746 stupro
307 1682 381 1723 cum
413 1658 562 1723 masculis
592 1668 762 1725 accontus
794 1669 844 1724 est
875 1658 931 1745 (of.
963 1656 1053 1725 Cael.
1083 1658 1125 1724 ad
1146 1658 1216 1727 cic.

159 1774 233 1839 fam.
266 1796 319 1838 vm
348 1774 386 1839 12
407 1775 437 1839 3.
467 1776 507 1839 14
532 1775 587 1857 4),
622 1775 680 1839 uix
707 1774 898 1841 mirabimur
928 1774 956 1841 si
983 1776 1025 1841 ad
1054 1776 1215 1841 Venerem

160 1914 265 1979 usque
283 1891 609 1958 monstruosissimam
624 1893 821 1979 processisse
837 1890 998 1958 audimus.
1021 1892 1061 1957 ad
1076 1893 1216 1958 cundem

159 2008 304 2089 Rufum,
326 2019 363 2074 ut
383 2009 447 2073 iam
470 2008 625 2091 diximus,
648 2030 722 2074 cum
743 2008 874 2075 Murato
895 2018 929 2075 et
950 2007 1057 2075 Statio
1077 2010 1217 2076 referen-

158 2127 235 2189 dum
271 2123 417 2189 ducimus
450 2147 578 2190 carmen
612 2144 724 2191 varru
757 2124 831 2191 Noli
856 2124 1014 2191 admirari
1038 2150 1131 2214 putore
1162 2130 1218 2193 tibi

157 2242 282 2321 semim
313 2244 414 2324 nulla,
448 2264 513 2329 quo
545 2242 650 2307 Rufus
680 2242 771 2307 hirco
801 2241 953 2309 laborans
967 2238 970 2242 ’
983 2245 1101 2309 acerbe
1134 2244 1216 2311 dori·

159 2360 266 2426 detur.
309 2357 446 2445 Vulpius
469 2360 552 2423 banc
574 2358 777 2443 sententiam,
800 2360 878 2447 quia
891 2358 938 2427 M.
954 2359 1083 2427 Caelius
1104 2362 1212 2427 Rufus

158 2477 255 2541 homo
279 2477 440 2541 formosus
460 2475 576 2557 fuerit,
599 2475 784 2563 inprobauit
806 2476 986 2563 Doeringio
1009 2478 1212 2565 astipulante.

160 2594 247 2682 quod
278 2591 395 2658 iniuria
416 2593 500 2658 fecit.
542 2615 617 2658 nam
646 2615 753 2660 nonus
774 2593 905 2662 anlius
926 2617 1122 2683 quamquam
1149 2597 1212 2662 for-

158 2710 361 2776 mosissimus
394 2721 501 2776 tamen
533 2710 770 2776 hircosissimus
793 2734 863 2777 esse
884 2711 1022 2798 potuit?
1063 2713 1142 2800 quid
1164 2715 1211 2778 rei

157 2839 204 2894 est
237 2826 373 2891 candori
404 2837 436 2892 et
466 2828 653 2915 proceritati
684 2839 718 2894 ot
748 2829 852 2893 uultui
884 2830 1051 2914 oculisque
1082 2831 1210 2916 pulcris,

158 2946 276 3034 quibus
300 2942 446 3012 Caelium
476 2946 636 3032 insignem
664 2948 766 3012 fuisse
794 2945 909 3014 Cicero
939 2948 1013 3034 (pro
1035 2945 1146 3013 Caelio
1176 2949 1211 3014 15

156 3063 211 3146 36)
233 3063 303 3144 ait,
334 3085 406 3126 cum
429 3064 552 3128 alarum
572 3061 692 3128 hirco?
733 3085 793 3128 nec
824 3064 859 3129 id
889 3063 1099 3150 premendum
1123 3064 1210 3150 quod

160 3177 308 3244 Catullus
333 3177 410 3242 dicit
434 3188 567 3266 propter
593 3178 714 3244 hircum
741 3203 813 3245 oum
839 3179 951 3246 Caelio
973 3180 1094 3246 nullam
1119 3180 1209 3246 femi·

157 3317 232 3360 uam
265 3293 479 3360 concumbere
515 3296 618 3377 uella,
661 3318 768 3382 nequo
803 3294 934 3384 quando
965 3296 1096 3384 quidem
1129 3295 1209 3362 (las

158 3409 235 3476 lium
265 3433 339 3476 cum
371 3412 539 3499 permultis
571 3433 639 3477 rem
672 3413 825 3478 babuisse
857 3413 995 3495 scimus,
1034 3411 1107 3477 ideo
1140 3435 1208 3478 sen-

159 3528 260 3595 tentia
286 3538 399 3594 nostra
425 3528 604 3594 recusanda
633 3541 691 3595 cst.
736 3531 910 3594 tenendum
937 3529 1021 3592 enim
1045 3528 1206 3594 Catullum

158 3643 191 3710 in
212 3643 347 3710 aemulis
362 3644 428 3710 suis
445 3643 622 3710 inridendis
641 3654 672 3710 et
687 3643 878 3710 cauillandis
896 3646 994 3711 animi
1009 3645 1139 3711 feruore
1153 3646 1207 3710 illo

157 3761 235 3825 adeo
258 3759 365 3849 abripi
385 3761 514 3826 solitum
530 3783 599 3826 osse
619 3770 657 3827 ut
670 3770 761 3827 trans
776 3762 857 3826 fines
879 3762 1027 3826 ueritatis
1050 3764 1206 3850 etproba·

158 3877 291 3944 bilitstis
307 3879 376 3942 fere
397 3899 522 3965 semper
539 3877 654 3942 mirum
676 3887 833 3964 quantum
857 3889 1061 3964 euagaretur.
1098 3881 1207 3965 itaque

158 3996 340 4062 bominibus
362 3993 436 4058 olim
458 3993 517 4059 sibi
545 3993 767 4077 amicissimis,
800 3994 826 4060 si
859 4006 972 4082 postea
998 3996 1058 4062 sibi
1088 3997 1207 4062 inimici

159 4111 233 4177 tacti
254 4124 344 4196 sunt,
373 4113 557 4199 turpissima
578 4133 737 4200 quaeque,
760 4135 938 4200 quaecum
962 4115 1082 4180 caussis
1105 4116 1206 4180 inimi-

159 4227 303 4298 citiarum
324 4228 456 4297 minime
460 4229 653 4306 'cohaerent
665 4278 674 4313 ‚
703 4230 868 4296 obiectare
889 4253 954 4297 nou
976 4242 1107 4300 uerotur
1128 4233 1207 4298 obli·
