3342 5200
424 628 458 679 70
707 624 731 675 V
766 624 814 677 DE
833 622 1010 677 ΔΙΟΒΙΒΥΒ
1029 622 1184 675 curvum

421 790 471 857 ins
492 790 663 859 iurandum
677 793 795 857 ducere
809 789 1030 879 paratissimus
1044 800 1150 855 esset:
1166 788 1304 878 deniqne
1326 800 1371 872 ut,
1394 812 1467 853 uum

421 908 553 975 tandem
574 932 614 973 en
635 920 827 996 peruentum
847 920 933 973 esset
953 918 990 973 ut
1009 918 1149 973 scortum
1170 907 1236 973 uile
1255 907 1467 973 deserendum

423 1048 495 1091 esse
523 1024 631 1091 omnis
652 1024 844 1105 clamarent,
871 1047 936 1090 non
957 1024 1027 1089 sine
1047 1024 1188 1089 maxima
1208 1025 1306 1089 animi
1328 1024 1468 1110 aegritu·
1569 1097 1570 1102 η

424 1142 539 1208 dines
560 1165 595 1208 se
617 1144 778 1231 inpetrare
804 1153 914 1230 posset
937 1154 975 1207 ut
1000 1164 1143 1207 amorem
1169 1142 1387 1207 inueteratum
1417 1138 1470 1205 de-

423 1272 568 1349 poneret.

506 1378 599 1443 Haec
637 1377 745 1442 omnia
780 1398 976 1464 quamquam
1012 1377 1147 1457 mirere,
1187 1388 1294 1441 tamen
1326 1395 1394 1439 uon
1422 1372 1469 1438 its

424 1496 555 1561 difficile
577 1494 764 1581 explicabis,
786 1494 863 1559 dnm
885 1494 981 1559 modo
1005 1495 1048 1559 sd
1073 1491 1195 1559 Catulli
1214 1493 1382 1580 ingenium
1405 1513 1470 1555 res-

424 1612 564 1701 pexeris.
607 1634 691 1701 quse
722 1612 807 1677 enim
836 1611 962 1677 Seneca
988 1611 1030 1676 de
1050 1611 1285 1697 tranquillitate
1306 1610 1408 1674 animi
1433 1609 1471 1673 15

428 1730 466 1793 16
493 1728 571 1795 dicit
599 1730 722 1795 nullum
760 1752 914 1815 maguum
943 1728 1109 1814 ingenium
1142 1728 1210 1792 ains
1241 1728 1386 1792 mixtura
1418 1727 1469 1791 de

426 1846 566 1913 mentire
587 1846 696 1927 luisse,
728 1868 767 1912 es
788 1846 884 1911 etism
905 1844 939 1911 in
960 1844 1080 1913 catulli
1107 1846 1275 1931 ingenium
1295 1854 1370 1930 apte
1393 1865 1471 1932 qus·

425 1964 529 2029 drsnt
552 1985 631 2029 sane
641 1984 746 2050 paene
758 1963 941 2029 dementem
954 1963 1009 2027 uel
1021 1956 1206 2042 ‘uesanum‘‚
1228 1984 1293 2049 quo
1308 1963 1470 2028 uocabulo

426 2079 574 2147 Catullus
588 2080 655 2167 ipss
671 2090 706 2145 ut
720 2078 840 2143 amoris
860 2081 910 2143 sui
930 2078 1166 2144 uehementiam
1181 2078 1341 2164 exprimat
1354 2077 1415 2165 (vu
1434 2080 1473 2142 10

427 2208 493 2262 ete
509 2197 543 2281 i)
559 2197 668 2277 utitur,
691 2206 820 2283 poetam
836 2196 1054 2262 Veronensem
1072 2195 1300 2277 nominsueris,
1321 2197 1348 2261 si
1371 2196 1472 2261 animi

426 2316 638 2403 inpotentium
670 2314 758 2379 illam
790 2312 884 2401 quasi
913 2313 1055 2377 ferocem
1083 2323 1118 2377 et
1144 2335 1165 2377 a
1191 2313 1408 2399 temperantia
1440 2323 1473 2377 et

426 2431 644 2495 moderatione
660 2430 832 2517 plurimum
846 2427 1054 2494 dissidentem
1073 2429 1272 2504 consideras,
1295 2451 1360 2515 qus.
1382 2440 1419 2494 et
1439 2430 1474 2493 in

425 2549 589 2616 amoribus
611 2558 645 2616 st
665 2548 700 2614 iu
714 2547 795 2614 odiis
809 2547 880 2636 pari
892 2546 1005 2635 inpetu
1018 2547 1073 2612 ille
1086 2547 1135 2612 uti
1149 2547 1242 2629 solet,
1263 2549 1315 2612 uel
1328 2548 1355 2611 si
1372 2558 1473 2614 teme

426 2669 554 2734 ritatem
574 2677 672 2753 atque
693 2664 858 2733 leuitatem
877 2675 1026 2752 reputas,
1056 2687 1123 2752 qus
1141 2664 1294 2730 seductus
1314 2688 1335 2728 a
1352 2667 1474 2751 puellis

425 2797 459 2851 et
472 2783 582 2848 amieis
595 2783 727 2870 perfidis
739 2805 896 2870 persaepe
909 2781 1066 2869 deeeptus
1078 2793 1138 2846 sat
1178 2793 1214 2847 at
1225 2793 1333 2847 tamum
1348 2783 1408 2848 ubi
1424 2793 1475 2848 est

426 2900 481 2987 qui
510 2901 567 2966 illa
593 2901 771 2982 dementis,
800 2900 827 2964 si
854 2922 920 2985 qus
944 2911 1012 2979 est,
1039 2911 1170 2985 poetam
1196 2900 1337 2964 caruisse
1357 2901 1473 2966 uelit?
1569 2976 1570 2979 Ἴ

426 3017 556 3104 quando
592 3016 723 3106 quidum
759 3017 828 3102 ipss
862 3016 944 3082 haec
983 3015 1083 3080 animi
1116 3016 1269 3082 ferocitas
1305 3017 1390 3082 haec
1428 3017 1474 3082 in·
1569 3008 1571 3012 ⁸

426 3132 514 3220 genii
543 3134 707 3200 temeritas
735 3133 881 3198 effecisse
908 3132 1112 3222 aliquatenus
1141 3135 1293 3199 uidentur
1314 3144 1350 3198 ut
1370 3147 1475 3221 poeta

426 3273 563 3338 mugnus
589 3263 623 3316 et
651 3251 806 3316 memoris
832 3251 975 3316 omnium
1005 3251 1207 3316 saeculorum
1234 3250 1351 3338 dignus
1378 3253 1475 3317 lieret
1567 3242 1571 3313 J

426 3367 586 3436 Catullus
629 3368 702 3457 quis
731 3380 782 3432 est
813 3365 953 3456 denique
980 3369 1060 3456 quin
1087 3369 1187 3432 talem
1216 3367 1412 3433 dementium
1444 3369 1476 3433 ei

428 3485 483 3572 qui
515 3483 622 3550 auimo
650 3483 877 3551 candidissimo
906 3496 941 3548 et
966 3485 1176 3570 integerrime
1197 3496 1284 3566 erat,
1314 3485 1371 3570 qui
1393 3486 1474 3550 dens
1568 3484 1571 3489 ’

428 3601 549 3688 pietate
569 3623 694 3668 stimma
710 3603 936 3682 uenerabatur,
956 3599 1048 3666 cuius
1068 3625 1179 3667 amore
1198 3603 1342 3668 fraterno
1364 3604 1474 3668 nullus

428 3715 566 3802 eogitari
588 3729 695 3804 petest
714 3719 831 3800 uerior,
852 3718 1073 3805 ignorentur?

511 3830 658 3900 Catullus
671 3834 771 3920 igitur
784 3837 898 3902 eadem
910 3837 1092 3902 temeritate
1106 3859 1172 3923 qua
1184 3861 1220 3902 se
1233 3846 1337 3902 totum
1351 3837 1473 3901 totiens
1569 3822 1571 3827 ¹

427 3949 538 4018 aaron
553 3949 641 4014 runs
653 3950 785 4030 num,
806 3975 873 4041 qu·
891 3952 933 4017 ue
950 3975 987 4018 re
1008 3953 1092 4018 uu·
1104 3953 1289 4020 uomitus
1308 3974 1473 4040 exponen-
1569 3936 1570 3947 '

426 4067 504 4136 dum
534 4075 601 4146 est,
630 4089 666 4134 ss
692 4067 795 4157 abripi
827 4092 941 4156 passus
970 4081 1038 4150 est,
1064 4093 1138 4136 cum
1167 4093 1295 4136 emnem
1325 4093 1472 4137 amorem

425 4185 458 4256 iu
487 4181 657 4267 bustiam,
688 4185 854 4254 muliorum
874 4209 915 4252 eu
933 4187 1123 4276 indiguam,
1155 4188 1338 4256 transfudit
1381 4188 1471 4276 quod
