3342 5200
502 657 583 710 vlffl
618 658 666 708 Dll
683 657 842 710 CAESARE
859 656 906 707 ΕΤ
926 655 1156 709 censsmsms
1309 657 1355 707 191

311 823 424 891 ambos
445 823 695 890 intercedentem
723 824 903 911 legentium
930 822 1101 889 memoriae
1120 823 1234 887 iterum
1259 833 1357 911 atque

309 941 428 1007 iterum
457 941 604 1025 inculcet
648 963 712 1031 quo
744 940 876 1007 consilio
907 950 943 1006 ut
970 940 1004 1004 in
1030 962 1128 1006 uersu
1155 949 1248 1006 sexto
1266 941 1354 1026 peri-

309 1072 355 1125 ter
368 1062 488 1145 qemelli
497 1063 615 1145 utrique
628 1059 660 1124 in
680 1059 816 1145 septimo
831 1081 941 1123 uue-
956 1060 1041 1123 ambe
1054 1056 1088 1123 in
1102 1066 1217 1123 octauo
1230 1081 1289 1123 men
1304 1058 1356 1123 eie

311 1200 404 1265 quam
424 1177 477 1242 ille
497 1178 615 1262 mepte,
639 1176 685 1242 ite
705 1174 740 1241 in
760 1198 846 1241 nono
868 1175 1062 1242 uocabulum
1082 1176 1163 1242 sees's'
1181 1174 1222 1242 ad
1242 1177 1356 1240 rurales

291 1293 446 1361 ¹eddidit.

394 1411 467 1477 Iam
488 1410 529 1476 ad
551 1431 679 1476 carmen
701 1431 813 1475 xxvsus
836 1409 1060 1497 explicandum
1084 1418 1276 1496 peruentum
1297 1417 1355 1492 est,

311 1550 378 1617 quo
407 1527 553 1594 acerbius
579 1537 612 1592 et
639 1525 898 1592 contumeliosius
924 1525 958 1591 in
978 1535 1046 1593 toto
1069 1528 1150 1593 libro
1173 1525 1355 1594 Catulliano

309 1646 368 1711 uix
388 1644 540 1734 reperies.
583 1643 694 1731 incipit
715 1642 760 1710 ite
783 1668 790 1710 :

465 1787 543 1866 Quis
563 1786 619 1851 dee
638 1798 734 1872 potest
753 1788 869 1870 uidere,
893 1788 964 1874 quis
980 1798 1082 1872 potest
1096 1788 1170 1873 pati

460 1905 531 1970 misi
548 1905 716 1989 sirpude‘mes
738 1916 766 1969 et
786 1928 887 1970 uorax
907 1916 935 1969 et
953 1906 1017 1970 oleo

460 2020 657 2086 Mamurram
677 2020 786 2085 bebere
807 2023 889 2107 qued
909 2020 1033 2086 Comata
1055 2022 1157 2086 Gallia
1248 2087 1252 2094 ,

460 2137 586 2203 babebat
604 2149 675 2202 unte
696 2149 724 2201 et
743 2137 853 2201 ultima
874 2137 1077 2203 Bratanm‘u?

308 2230 557 2366 interrogationi
577 2287 675 2366 poeta
696 2277 955 2365 indignabundus
976 2280 1150 2368 respondet
1169 2279 1354 2349 Mamurrae

308 2395 472 2463 fautorem
493 2405 525 2461 et
546 2405 727 2483 patronum,
749 2393 932 2482 Caesarem,
954 2418 1050 2485 quem
1069 2408 1106 2464 ut
1119 2421 1229 2486 regem
1244 2410 1355 2487 poten·

308 2512 472 2581 tissimum
512 2512 568 2578 sed
603 2512 772 2580 muliebria
805 2515 981 2602 patientem
1022 2513 1189 2581 uocabulis
1227 2520 1355 2584 cinaede

310 2631 443 2698 Romule
464 2630 663 2719 adloquitur,
693 2632 755 2698 boc
775 2633 925 2699 lubenter
946 2656 1114 2720 passurum
1137 2657 1229 2717 esse,
1247 2658 1355 2724 neque

310 2748 416 2816 eidem
441 2749 529 2815 cordi
555 2748 642 2832 fore,
670 2750 695 2814 si
717 2749 771 2814 ille
792 2747 908 2838 opibus
930 2750 1083 2816 inmensis
1105 2752 1208 2818 elatus
1229 2752 1354 2820 libidini

310 2888 389 2933 suae
410 2865 588 2932 inmodicae
609 2866 734 2932 maritis
763 2867 911 2934 omnibus
934 2867 1127 2935 metuendae
1148 2871 1354 2958 quantumuis

309 2982 523 3072 indulgeret:
553 3008 635 3074 quae
662 2984 836 3073 prouidens
863 2994 961 3072 poeta
988 2987 1021 3051 in
1046 3009 1144 3053 uersu
1171 2987 1293 3055 decimo
1320 2988 1354 3054 in

308 3102 485 3170 conuitium
508 3101 613 3190 erupit

459 3260 489 3302 es
509 3236 679 3322 inpudicus
701 3247 729 3301 et
747 3261 848 3302 ueras
868 3250 896 3302 et
914 3239 949 3303 ol
984 3287 991 3304 .

309 3377 424 3446 deinde
445 3399 558 3444 uersus
580 3388 733 3444 secuntur
759 3379 1035 3466 quattuordecim,
1067 3381 1121 3467 qui
1152 3380 1185 3447 in
1214 3379 1354 3447 editione

308 3494 575 3563 Lachmanniana
595 3494 640 3563 ita
660 3496 772 3585 scripti
793 3508 895 3563 sunt:

390 3660 415 3704 ιι
458 3660 531 3703 eoae
551 3639 683 3720 momine,
704 3640 860 3725 imperator
878 3641 980 3717 unice,

451 3753 545 3842 fisistr'
562 3757 598 3821 s'm
617 3757 723 3821 ulbma
743 3756 912 3822 occidente
931 3758 1046 3839 immlo,

459 3885 491 3936 ut
509 3877 566 3936 ista
586 3885 688 3937 uestra
709 3873 855 3958 dfflutota
875 3872 1008 3938 mentula

460 3988 613 4055 ducenties
633 4001 778 4054 comesset
796 3999 850 4054 eet
868 3990 1054 4056 trecenties?

389 4129 416 4175 to
457 4109 532 4193 quid
550 4118 595 4172 eet
615 4104 683 4171 alid
702 4105 830 4170 enices
850 4107 1046 4174 liberalitas?

456 4247 571 4310 perum
593 4227 767 4308 sepseram
786 4247 826 4289 no
847 4247 961 4311 porum
982 4225 1113 4290 elisame
1133 4228 1202 4292 est?
