3342 5200
461 674 487 726 V
521 674 570 727 Du
587 672 767 727 amonievs
784 671 940 725 camai
1195 673 1245 725 111

190 841 324 911 Catulle
345 816 494 907 uersibus
516 839 730 907 acerbissimis
751 839 958 926 castigatum,
979 838 1102 926 genuit,
1126 838 1192 925 qui,
1215 838 1243 904 si

191 961 261 1025 eius
282 982 369 1026 anno
391 958 551 1025 consulari
572 955 986 1039 11813666661161611661,
1016 955 1103 1021 circa
1123 976 1243 1022 annum

193 1186 398 1197 ..-...-.--

191 1348 294 1397 natum
332 1343 445 1409 primum
469 1342 540 1393 enim
564 1340 657 1395 cicaro
679 1340 757 1391 Bruti
779 1339 839 1392 loco
858 1356 937 1407 quem
951 1341 1005 1392 iam
1021 1342 1126 1407 manius
1152 1343 1246 1395 citaui-

191 1452 251 1489 mus
263 1437 291 1502 (ς
306 1439 367 1504 166)
378 1436 409 1489 L.
422 1434 538 1487 Gellium
551 1439 682 1488 oratorem
700 1427 866 1487 'familiarem
883 1434 968 1487 suum'
984 1434 1102 1501 66661161
1116 1436 1245 1490 eteoclem

192 1531 306 1581 nomine
325 1528 358 1580 de
376 1529 481 1596 legibus
498 1544 509 1577 1
528 1531 559 1581 10
578 1528 611 1581 66
629 1527 660 1576 L.
678 1526 782 1578 Gellius
800 1542 834 1577 ex
851 1533 975 1594 praetura
991 1527 1150 1595 proconsul,
1168 1543 1245 1593 quem

193 1640 287 1676 omnes
313 1622 452 1674 consulem
478 1635 501 1675 6.
524 1622 619 1685 serim
643 1620 726 1671 tuisse
754 1622 941 1684 consentiunt,
968 1620 1126 1688 adpellatur.
1160 1622 1195 1673 ct.
1212 1623 1246 1674 de

193 1718 246 1785 leg.
265 1716 285 1769 l.
304 1732 328 1768 c.
347 1715 399 1769 Aa.
425 1716 476 1779 Qui
491 1718 557 1769 istac
572 1716 632 1781 ficri
646 1722 726 1785 potest
742 1714 772 1767 1..
791 1713 872 1768 detta
894 1714 1012 1768 mmo?
1045 1714 1154 1767 1166.
1181 1716 1247 1779 Qasr

191 1810 462 1865 antemnarum?
498 1806 1247 1873 Aa.anstamAss0sarai’ta0dmmaadoamsst

192 1906 319 1970 66111166,
341 1904 500 1971 familiarem
517 1913 601 1968 taam,
626 1939 633 1955 .
651 1942 658 1957 .
677 1902 1039 1973 ,61666666666666666166
1075 1920 1104 1956 re
1127 1920 1192 1957 uera
1213 1905 1245 1957 L.

191 2000 310 2055 (lollium
332 1998 511 2051 familiaritate
528 2012 589 2049 cum
606 1996 695 2049 Tullio
713 1998 883 2049 coniunctum
899 1997 980 2050 fuisse
996 1996 1076 2050 rebus
1093 2014 1145 2050 nou
1162 1998 1245 2051 nullis

191 2094 369 2161 cognoscitur
382 2090 428 2157 (ci.
443 2092 471 2141 iu
486 2090 630 2142 Ρ1666.96
643 2090 769 2158 postred.
783 2091 817 2142 ad
831 2090 906 2155 Quis.
919 2096 933 2143 '1
949 2094 979 2143 i'l
991 2091 1072 2144 Gellii
1082 2092 1185 2145 risve
1195 2093 1245 2160 16).

190 2188 288 2240 deinde
307 2186 339 2237 de
357 2186 389 2237 1..
409 2184 494 2237 Gellio
513 2189 616 2236 oratore
633 2184 736 2236 'Pullius
758 2184 863 2237 16111666
884 2185 971 2252 inquit
994 2202 1098 2255 operm
1115 2187 1205 2240 amicir
1222 2196 1246 2238 at

190 2282 282 2335 sallem
297 2280 432 2350 66666611,
458 2288 531 2347 mque
553 2279 592 2331 ito
614 2278 658 2330 diss
679 2279 747 2331 aicit
768 2287 795 2331 at
818 2277 957 2331 msam
978 2288 1088 2332 66161666
1104 2280 1246 2334 maculas

189 2376 383 2447 duplicaretur:
401 2377 428 2425 et
451 2373 482 2423 L.
500 2370 616 2423 Gellium
639 2370 807 2423 consularem
829 2372 918 2423 uirum
938 2372 1026 2439 ipsum
1043 2389 1149 2441 quoque
1165 2374 1244 2425 ualde

190 2486 284 2524 seuam
311 2469 412 2519 factum
437 2480 496 2517 esse
522 2480 555 2517 ex
579 2464 716 2517 Ciceronis
734 2468 793 2517 ioco
811 2465 926 2532 quodam
943 2467 1065 2535 adparet,
1088 2484 1166 2535 quem
1183 2468 1246 2519 Plu·

190 2562 303 2621 tarchus
322 2562 391 2628 1616.
414 2560 459 2628 26)
477 2559 550 2611 hisce
567 2564 658 2610 narrat
675 2557 764 2612 uerbis
782 2576 789 2610 ι
808 2564 863 2617 mi
879 2566 993 2638 Καισαρ
1009 2570 1178 2642 WMW
1197 2554 1246 2640 'iv

191 2667 220 2716 dv
250 2662 399 2737 1161616616
424 2648 482 2732 zoio
468 2675 515 2732 ραν
541 2651 755 2732 κατανεμφθῆναι
783 2664 840 2724 τοῖς
866 2649 1045 2731 ότρατιόταις
1073 2663 1170 2715 nollet
1200 2666 1247 2737 ulo

190 2753 385 2829 ἐδνςχὲραιννν
402 2756 430 2805 ἐν
446 2746 602 2858 τῃιβονλῇ,
630 2743 783 2816 Aetnenses
809 2742 1000 2828 61166ςὸμώ
1015 2774 1044 2808 τι
1063 2744 1249 2831 πρώβῦῐᾱῐθς

81 2839 83 2890 i
190 2844 230 2904 ἄν
248 2837 360 2902 sim
342 2865 378 2912 ως
395 2839 424 2899 ori
440 2838 574 2919 yevq'osrus
590 2840 672 2899 rorico
687 2835 839 2912 §cissos
806 2859 898 2900 αυτον
932 2851 1126 2925 usurpabamus,
1143 2836 1245 2902 eiurari

191 2947 318 3017 Κικέρων,
336 2959 437 3018 μακραν
453 2933 504 3014 γάρ
521 2931 568 2993 oris
586 2945 698 2994 αἰτεῖται
712 2943 818 3008 Γέλλιος
833 2930 984 3014 uictoriam
1019 2955 1072 3006 quc
1089 2941 1166 2993 1666
1168 2941 1246 2992 simul

81 3031 82 3048 ¹
192 3033 313 3086 dilucide
335 3031 530 3083 demonstratur
552 3032 660 3099 eosqui
678 3046 747 3083 anuo
766 3033 898 3084 consulari
915 3033 996 3085 Gellii
1012 3034 1075 3085 freti
1092 3049 1153 3086 eum
1174 3034 1247 3086 circa

193 3143 297 3182 aunum
308 3125 422 3190 6391116
433 3131 526 3176 natum
544 3141 603 3177 esse
620 3125 738 3178 iudicant
753 3127 893 3193 insigniter
909 3128 976 3180 falli.
1011 3128 1042 3179 L.
1052 3129 1121 3180 enim
1133 3129 1245 3193 Gellius,

192 3225 237 3276 uir
259 3221 426 3285 consularis,
457 3234 527 3272 auno
552 3219 660 3286 696169,
689 3235 741 3287 quo
763 3221 860 3273 Caesar
877 3237 971 3290 agrum
986 3221 1148 3289 Campanum
1164 3222 1248 3274 diuidi

193 3319 291 3381 iussit,
321 3308 389 3394 ὁμοῦ
414 3337 441 3372 rr
468 3309 657 3392 πρεσβύτατος
675 3315 731 3365 fuit.
769 3315 830 3382 quis
856 3330 920 3366 uero
944 3316 1087 3367 contendet
1104 3315 1143 3366 ita
1159 3317 1247 3368 uirum

196 3410 395 3480 quinquaginta
417 3424 466 3462 sex
488 3423 618 3460 annorum
640 3407 773 3474 designari
795 3410 896 3474 possa?
930 3410 1026 3475 optime
1049 3414 1142 3462 contra
1159 3411 1248 3462 omnia

196 3507 345 3572 quadrant,
384 3503 409 3552 si
440 3503 471 3554 L.
506 3502 622 3554 Gellium
654 3517 677 3552 a.
712 3500 826 3568 6161138
862 3508 954 3554 natum
987 3518 1045 3554 esse
1081 3509 1204 3570 putamus
1239 3521 1247 3555 z

194 3601 222 3652 id
246 3597 320 3664 quod
341 3596 404 3648 aliis
428 3611 463 3646 ex
484 3597 588 3648 caussis
610 3610 690 3662 supra
715 3596 768 3646 iam
791 3596 981 3648 conclusimus.
1016 3611 1077 3649 uam
1099 3604 1156 3650 tum
1176 3613 1246 3650 auno

196 3693 294 3758 696169
313 3690 417 3743 Gellius
435 3703 517 3755 paene
535 3689 672 3756 octoginta
689 3705 773 3741 anuos
789 3688 891 3741 habens
909 3705 974 3742 sane
990 3686 1174 3769 αμαβύωως
1189 3692 1249 3746 fuit.

195 3802 265 3854 quse
287 3799 351 3836 cum
372 3785 411 3834 ita
434 3783 489 3834 sint
510 3796 596 3848 neque
620 3789 774 3850 argumenta
796 3783 852 3834 alia
873 3786 998 3842 momenti
1023 3785 1133 3836 minoris
1149 3784 1245 3849 desint,

194 3880 280 3932 ueluti
298 3879 393 3931 eodem
414 3878 584 3944 praenomine
609 3883 636 3928 et
660 3883 791 3929 oratorem
815 3882 843 3928 et
864 3877 1001 3928 consulem
1023 3892 1101 3930 usum
1118 3879 1247 3931 fuissem

195 3976 265 4040 quod
293 3974 408 4024 oratorie
431 3971 577 4022 diutissime
599 3972 730 4036 uiuentis,
764 3973 788 4022 si
811 3988 828 4023 6
850 3972 918 4023 16616
942 3971 1047 4024 duobus
1068 3971 1248 4024 Ciceronianis

195 4067 363 4131 discedimus,
381 4065 450 4133 apud
460 4067 603 4132 scriptores
616 4071 719 4118 ceteros
731 4081 875 4130 numquam
889 4068 988 4118 mentio
999 4068 1072 4119 faeta
1080 4073 1157 4132 esset,
1175 4068 1248 4134 equi-

195 4159 435 4213 contubernii
452 4159 593 4214 consulatu
616 4175 675 4211 sero
692 4175 747 4210 non
765 4159 879 4213 offendo.
918 4161 951 4213 de
968 4174 1038 4213 anno
1055 4177 1109 4229 quo
1125 4167 1249 4230 praetura

195 4255 298 4308 Gellius
320 4256 430 4306 functus
451 4260 492 4306 est
523 4269 617 4320 parum
640 4253 738 4320 liquet,
774 4261 864 4306 tamen
888 4269 955 4321 quae
979 4255 1147 4307 conferantur
1167 4256 1249 4322 digna
