3342 5200
432 630 480 681 180
710 626 735 678 V
769 628 817 681 DE
833 626 1013 681 monmvs
1030 626 1182 681 clrvtm

425 804 572 861 mortuus
594 803 644 861 est
663 816 764 861 unam
778 794 970 861 concludere
982 794 1068 879 lieet,
1086 796 1150 861 iam
1172 795 1372 884 aliquantum
1391 806 1472 863 tam-

424 911 512 999 poris
538 922 615 977 ante
643 912 729 978 hune
757 934 877 978 annum
898 910 1059 979 Catullum
1086 910 1225 979 Lesbiae
1245 934 1356 979 amore
1375 935 1471 979 usum

424 1051 507 1095 esse.
549 1028 607 1095 sod
626 1029 689 1094 hoo
709 1051 823 1115 parum
844 1050 904 1094 nos
925 1028 1025 1095 iuuat.
1066 1028 1176 1117 itaque
1200 1028 1368 1096 uideamus
1392 1029 1471 1118 quid

423 1145 485 1209 uiri
516 1144 604 1211 dooti
633 1144 675 1209 de
702 1145 793 1212 initio
823 1143 942 1211 amoris
968 1145 1147 1211 statuerint.
1188 1144 1362 1231 Helbigius
1382 1146 1419 1232 (l.
1441 1170 1471 1213 e.

423 1283 453 1348 p.
481 1261 572 1345 1218)
595 1259 760 1327 Catullum
788 1262 887 1327 sumit
917 1261 992 1327 inde
1012 1262 1054 1327 ab
1075 1284 1160 1328 anno
1183 1261 1301 1340 695159
1322 1262 1470 1332 Clodiam

423 1378 601 1461 amauisse,
638 1388 751 1445 oontm
778 1377 1052 1464 Iungolaussenua
1072 1377 1109 1462 (l.
1137 1402 1165 1445 e.
1186 1402 1217 1466 p.
1248 1379 1302 1464 13)
1323 1358 1472 1446 *coniecit
1504 1453 1506 1456 ¹

421 1516 540 1560 annum
561 1495 679 1573 692162
706 1495 845 1582 primum
878 1494 995 1560 amoris
1023 1494 1110 1560 illins
1130 1494 1238 1560 tuisse.
1279 1504 1394 1561 neuter
1415 1495 1471 1561 ad-

422 1612 564 1677 curatius
585 1610 777 1677 sententiam
799 1634 889 1677 suam
905 1611 1059 1699 probauit
1078 1634 1087 1675 τ
1106 1620 1253 1698 uterque,
1274 1620 1311 1677 ut
1323 1612 1357 1677 in
1371 1612 1470 1698 plano

421 1739 479 1811 est,
501 1730 606 1815 magis
620 1729 788 1795 arbitrium
804 1728 968 1822 quoddam
981 1728 1114 1795 liberius
1135 1750 1234 1815 quam
1255 1736 1360 1793 certas
1374 1727 1472 1793 ratio·

421 1867 479 1911 nes
500 1855 630 1911 seeutua
652 1856 710 1930 est,
737 1845 825 1935 quod
845 1867 912 1911 non
932 1845 1006 1912 ideo
1026 1846 1148 1912 dietum
1169 1845 1245 1911 uolo
1266 1855 1304 1911 ut
1323 1844 1470 1909 uirorum

421 1960 549 2027 illoram
569 1962 758 2049 diligentiae
780 1962 901 2050 aliquid
920 1962 1103 2044 detraham,
1134 1961 1193 2027 sed
1223 1971 1391 2027 uteorum
1414 1960 1473 2049 qui

421 2080 531 2167 legent
549 2079 673 2145 animos
688 2080 728 2145 de
743 2078 932 2145 difficultate
951 2079 1047 2144 huius
1067 2079 1267 2168 quaestionis
1288 2077 1469 2162 aduertam,

420 2196 454 2263 in
485 2219 552 2285 qua
583 2195 763 2263 dirimenda
792 2198 994 2283 argumentis
1022 2194 1146 2263 idoneis
1168 2195 1381 2262 destituimur.
1426 2206 1471 2264 et·

421 2312 505 2379 enirn
537 2313 578 2378 de
605 2311 712 2379 initiis·
732 2311 850 2377 amoris
879 2312 966 2376 illius
997 2312 1102 2378 nullas
1132 2310 1194 2377 nisi
1222 2334 1264 2378 ex
1288 2311 1355 2378 eius
1377 2311 1471 2398 quasi

420 2429 558 2495 decursu
594 2438 627 2494 et
662 2429 753 2495 exitu
794 2427 996 2495 coniecturas
1033 2427 1141 2494 facere
1176 2428 1263 2494 lieet.
1320 2428 1471 2493 omnibus

419 2545 520 2634 igitur
541 2566 625 2634 quae
644 2545 708 2611 hue
728 2545 835 2612 faeere
867 2544 1019 2613 uidentur
1047 2544 1202 2633 respectis
1230 2544 1370 2633 primum
1391 2544 1471 2612 Hel·

418 2663 500 2751 bigii
529 2664 689 2730 sententia
718 2662 901 2732 reeusanda
930 2673 989 2730 est.
1032 2662 1128 2728 modo
1158 2661 1244 2728 enim
1265 2661 1404 2727 diximus
1425 2684 1471 2728 ex

420 2780 561 2846 earmina
588 2799 714 2846 Lxxxru
747 2779 905 2866 adparere
935 2779 1011 2844 uiuo
1043 2778 1139 2844 etiam
1170 2787 1240 2844 tum
1271 2777 1313 2858 Q.
1334 2779 1470 2847 Metello

419 2897 674 2964 interementes
702 2895 884 2962 inimicitias
916 2895 1073 2983 quasdam
1102 2895 1167 2962 iam
1201 2897 1355 2962 extitisse
1411 2898 1471 2962 ita·

420 3037 484 3104 que
517 3012 680 3082 Catullum
701 3035 774 3078 eum
800 3023 877 3079 ante
898 3011 1067 3080 discidium
1088 3012 1168 3078 illud
1189 3033 1248 3101 per
1268 3012 1470 3100 aliquantum

419 3132 573 3219 temporis
601 3153 711 3197 amore
741 3151 807 3195 nou
835 3130 967 3197 turbato
997 3127 1133 3196 Clodiae
1160 3152 1255 3198 usum
1276 3111 1349 3196 esse
1369 3131 1471 3198 mani-

419 3249 538 3316 festum
565 3249 628 3331 sit,
666 3267 750 3314 anno
773 3245 813 3327 Q.
836 3245 961 3313 Metelli
983 3248 1096 3312 ultimo
1130 3248 1158 3313 is
1188 3246 1339 3315 Clodiam
1359 3270 1470 3314 amare

418 3367 562 3454 coepisse
575 3387 642 3431 non
655 3374 771 3453 potest.
809 3364 923 3430 melius
937 3364 1210 3452 Iungelaussenus
1230 3387 1301 3432 rem
1329 3365 1470 3452 gessisse

421 3482 557 3566 uidetur,
580 3457 671 3548 ouius
686 3479 829 3568 opinioni
850 3481 907 3546 uix
925 3481 1030 3548 habeo
1053 3481 1138 3569 quod
1160 3503 1335 3570 opponam.
1376 3503 1469 3568 prae

420 3601 533 3687 oipuua
546 3600 580 3664 in
593 3599 654 3666 hae
669 3599 860 3687 quaestione
872 3621 950 3665 suus
973 3607 1023 3664 est
1037 3619 1148 3664 eorum
1163 3621 1246 3687 quae
1267 3620 1366 3687 supra
1379 3621 1412 3685 p.
1426 3599 1470 3663 66

422 3717 461 3784 de
489 3727 635 3805 tempore
665 3739 729 3804 quo
763 3715 893 3783 Caelius
919 3712 1068 3782 Clodiam
1095 3716 1215 3781 amauit
1248 3713 1466 3781 disseruimus.

368 3808 373 3814 ⁵
420 3833 512 3902 bonis
534 3835 619 3900 enim
640 3832 841 3920 argumentis
862 3833 956 3900 nobis
976 3833 1132 3920 probasse
1151 3831 1298 3898 uidemur
1320 3830 1469 3899 Caelium

420 4137 486 4189 agro
519 4123 651 4192 Campano
682 4122 823 4176 diuidendo
852 4122 949 4174 Iuliam
979 4122 1135 4174 iurauerunt
1168 4121 1215 4186 (et.
1243 4122 1391 4174 Drummni
1416 4121 1469 4175 HR

419 4233 450 4266 ιιι
467 4219 536 4283 205).
